=LDR  02627caa a22006617i 4500
=001  016542972
=003  Uk
=005  20230302181830.0
=006  m\\\\||\\d\|\\\\\\
=007  cr\|||||||||||
=008  131113s2013\\\\enk\\\\\o\\\\|1|0\0|eng\\
=040  \\$aUk$beng$cUk$erda
=245  04$aThe Mansell bequest symposium on neuro-oncology.
=264  \1$aLondon :$bMedical Society of London,$c2013.
=300  \\$a1 online resource (pages 57-105)
=336  \\$atext$2rdacontent
=337  \\$acomputer$2rdamedia
=338  \\$aonline resource$2rdacarrier
=540  \\$aCurrent Copyright Fee: GBP25.00$c0$5Uk
=591  \\$aPapers.
=595  \\$aESTAR title.
=653  1\$aNeuro-oncology
=653  1\$aMansell bequest
=710  2\$aMedical Society of London.
=773  0\$tTransactions$gv. no. 127 2010-2011 (2013)
=852  41$aBritish Library$bHMNTS$jAc.3823/7.
=852  71$aBritish Library$bSTI$k(P)$hGP 00$m-E(178)$2blsrissc
=852  41$aBritish Library$bDSC$j8982.500000
=945  \\$aTransactions- Medical Society of London ; vol 127 year 2010/2011 2013
=ACF  \\$aPrevious Copyright Fee: GBP12.00$c0$e01-oct-2012$fGBP12.00$g0$hC$5Uk
=ACF  \\$aPrevious Copyright Fee: GBP12.30$c0$e01-jan-2014$fGBP12.30$g0$hC$5Uk
=ACF  \\$aPrevious Copyright Fee: GBP20.00$c0$e01-jan-2020$fGBP20.00$g0$hC$5Uk
=CAT  \\$a10934$b40$c20131113$lBLL01$h1230
=CAT  \\$aBATCH-CLA$b00$c20131114$lBLL01$h0034
=CAT  \\$aBATCH-CLA$b00$c20131202$lBLL01$h0341
=CAT  \\$aIPL-CLA$c20140101$lBLL01$h0216
=CAT  \\$aBATCH-CLA$c20140226$lBLL01$h2047
=CAT  \\$aBATCH-CLA$c20140226$lBLL01$h2058
=CAT  \\$aBATCH-CLA$c20140226$lBLL01$h2059
=CAT  \\$aBATCH-CLA$c20140226$lBLL01$h2103
=CAT  \\$aBATCH-CLA$b00$c20161221$lBLL01$h2022
=CAT  \\$aIPL-CLA$c20161231$lBLL01$h0014
=CAT  \\$aBATCH-CLA$b00$c20171221$lBLL01$h1312
=CAT  \\$aIPL-CLA$c20171231$lBLL01$h1821
=CAT  \\$aBATCH-CLA$b00$c20200206$lBLL01$h0106
=CAT  \\$aBATCH-CLA$b00$c20201203$lBLL01$h1409
=CAT  \\$aIPL-CLA$c20201231$lBLL01$h1532
=CAT  \\$aBATCH-CLA$b00$c20221206$lBLL01$h1740
=CAT  \\$aIPL-CLA$c20221231$lBLL01$h1452
=CAT  \\$aBATCH-CLA$b00$c20230302$lBLL01$h1818
=CFI  0\$aCurrent Copyright Fee: GBP25.00$c0$e09-feb-2023$fGBP25.00$g0$hC$5Uk
=CNF  \\$aMansell bequest symposium$n(18th :$d2011 May :$cLondon)
=EST  \\$a1
=FIN  \\$aY$d20131113
=FMT  \\$a  BK
=LAS  \\$aBATCH-CLA$b00$c20230302$lBLL01$h1818
=LKR  \\$aANA$b011140973$lBLL01$nTransactions$mMansell bequest symposium on neuro-oncology$r773$y2013$v127
=TCO  \\$aCLA$bCLA$c008

