=LDR  02098 aa a22005657i 4500
=001  016546119
=003  Uk
=005  20131118165441.0
=006  m\\\\||\\d\|\\\\\\
=007  cr\|||||||||||
=008  131118s2013\\\\xxu\\\\\o\\\\|1|0\0|eng\\
=040  \\$aUk$beng$cUk$erda
=245  00$aEuropean Society of Cardiology congress 2013.
=264  \1$aYardley, PA :$bMedimedia USA,$c[2013]
=300  \\$a1 online resource (pages 633-636)
=336  \\$atext$2rdacontent
=337  \\$acomputer$2rdamedia
=338  \\$aonline resource$2rdacarrier
=490  0\$aP and T,$x1052-1372 ,$vvol 38 no 10 2013
=540  \\$aBritish Library not licensed to copy$c0$5Uk
=591  \\$aReport.
=595  \\$aESTAR title.
=653  1\$aCardiology
=653  1\$aESC
=710  2\$aEuropean Society of Cardiology.
=773  0\$tP & T$gv. 38, no. 10 (October 2013)
=852  41$aBritish Library$bDSC$j6327.163000
=852  71$aBritish Library$bSTI$k(P)$hHB 21$m-E(19)$2blsrissc
=945  \\$aP and T, ISSN 1052-1372 ; vol 38 no 10 2013
=CAT  \\$a10934$b40$c20131118$lBLL01$h1654
=CAT  \\$aBATCH-CLA$b00$c20131119$lBLL01$h0035
=CAT  \\$aBATCH-CLA$b00$c20140202$lBLL01$h0150
=CAT  \\$aBATCH-CLA$c20140226$lBLL01$h2047
=CAT  \\$aBATCH-CLA$c20140226$lBLL01$h2058
=CAT  \\$aBATCH-CLA$c20140226$lBLL01$h2059
=CAT  \\$aBATCH-CLA$c20140226$lBLL01$h2103
=CAT  \\$aBATCH-CLA$b00$c20140929$lBLL01$h1815
=CAT  \\$aIPL-CLA$c20140930$lBLL01$h1638
=CAT  \\$aW1607-1323$c20160726$lBLL01$h1340
=CAT  \\$aBATCH-CLA$b00$c20160727$lBLL01$h0131
=CAT  \\$aW1607-1323$c20160810$lBLL01$h1441
=CAT  \\$aBATCH-CLA$b00$c20160811$lBLL01$h0136
=CFI  0\$aBritish Library not licensed to copy$c0$e01-oct-2014$hC$iCFP Excluded$5Uk
=CNF  \\$aEuropean Society of Cardiology (Congress)$d(2013 Aug :$cAmsterdam)
=EST  \\$a1
=FIN  \\$aY$d20131118
=FMT  \\$a  BK
=LAS  \\$aBATCH-CLA$b00$c20160811$lBLL01$h0136
=LKR  \\$aANA$b007186982$lBLL01$nP & T$mEuropean Society of Cardiology congress 2013$r773$y2013$v38$i10
=TCO  \\$aTRS$bCCC$c008

