=LDR  01776caa a22004577i 4500
=001  016834073
=003  Uk
=005  20140821145342.0
=006  m\\\\||\\d\|\\\\\\
=008  140821s2014\\\\xr\\\\\\o\\\\|1|0\0|cze\\
=040  \\$aUk$beng$cUk$erda
=245  00$aJáchymovské revmatologické dny.
=264  \1$aPraha :$bČeská lékařská společnost J.E. Purkyně,$c[2014]
=300  \\$aPages 26-42
=336  \\$atext$2rdacontent
=337  \\$aunmediated$2rdamedia
=338  \\$avolume$2rdacarrier
=490  0\$aCeska revmatologie,$x1210-7905 ,$vro. 22 .s 1 2014
=540  \\$aBritish Library not licensed to copy$c0$5Uk
=591  \\$aAbstracts and report.
=653  1\$aRevmatologické
=773  0\$tC?eska´ revmatologie$gRočnîk 22, číslo 1 (2014)
=852  71$aBritish Library$bSTI$k(P)$hGU 88$m-R(3)$2blsrissc
=852  41$aBritish Library$bDSC$j3120.319000
=945  \\$aCeska revmatologie, ISSN 1210-7905 ; roč 22 čîs 1 2014
=CAT  \\$a6162$b40$c20140821$lBLL01$h1452
=CAT  \\$a6162$b40$c20140821$lBLL01$h1453
=CAT  \\$aBATCH-CLA$b00$c20140822$lBLL01$h0038
=CAT  \\$aBATCH-CLA$b00$c20141013$lBLL01$h0041
=CAT  \\$aW1607-1323$c20160726$lBLL01$h1341
=CAT  \\$aBATCH-CLA$b00$c20160727$lBLL01$h0131
=CAT  \\$aW1607-1323$c20160810$lBLL01$h1441
=CAT  \\$aBATCH-CLA$b00$c20160811$lBLL01$h0137
=CFI  0\$aBritish Library not licensed to copy$c0$e07-sep-2011$hC$iTX$5Uk
=CNF  \\$aRevmatologické dny$d(2013 Dec :$cJáchymov, Czech Republic)
=EST  \\$a1
=FIN  \\$aY$d20140821
=FMT  \\$a  BK
=LAS  \\$aBATCH-CLA$b00$c20160811$lBLL01$h0137
=LKR  \\$aANA$b012108387$lBLL01$nC?eska´ revmatologie$mJáchymovské revmatologické dny$r773$y2014$v22$i1
=TCO  \\$aXXX$c008

