=LDR  01744 am a2200445 i 4500
=001  016648550
=003  Uk
=005  20140324153219.0
=008  140311s2013\\\\xxub\\\\\b\\\|0|0\0|eng\\
=040  \\$aUk$beng$cUk$erda
=042  \\$aukblsr
=082  04$a551.60113$223
=100  1\$aBogart, Tianna Anise,$eauthor.
=245  10$aSensitivity of a global climate model to the urban land unit /$cby Tianna Anise Bogart, Department of Geography, Frostburg State University.
=264  \1$aMiddletown, Delaware :$bLegates Consulting LLC,$c[2013]
=300  \\$a1 volume (various pagings) :$billustrations (black and white, and colour), maps (colour) ;$c28 cm.
=336  \\$atext$2rdacontent
=337  \\$aunmediated$2rdamedia
=338  \\$avolume$2rdacarrier
=490  0\$aPublications in climatology ;$vvolume LXVI, number 2 (2013)
=504  \\$aIncludes bibliographical references.
=538  \\$aMode of access: World Wide Web.
=540  \\$aBritish Library not licensed to copy$c0$5Uk
=650  \0$aUrban climatology$xComputer simulation.
=650  \0$aUrban ecology (Sociology)
=650  \0$aUrbanization$xEnvironmental aspects.
=650  \0$aGlobal environmental change.
=852  71$aBritish Library$bSTI$k(P)$hOP 30$m-E(3)$2blsrissc
=852  41$aBritish Library$bDSC$j7126.990000
=959  \\$fCurrently received
=CAT  \\$a6098$b40$c20140311$lBLL01$h1057
=CAT  \\$aBATCH-CLA$b00$c20140312$lBLL01$h0035
=CAT  \\$a6989$b40$c20140324$lBLL01$h1532
=CAT  \\$aBATCH-CLA$b00$c20140325$lBLL01$h0034
=CFI  0\$aBritish Library not licensed to copy$c0$e01-jan-2014$hC$iCFP Excluded$5Uk
=EST  \\$a1
=FIN  \\$aY$d20140324
=FMT  \\$a  BK
=LAS  \\$aBATCH-CLA$b00$c20140325$lBLL01$h0034
=TOC  \\$aETOC

