=LDR  04193cas a2201033 a 4500
=001  012431881
=003  Uk
=005  20230524073209.0
=006  m\\\\\o\\d\\\\\\\\
=007  cr\mnu||||||||
=008  040410c19969999ne\br\p\s\\\\\0\\\a0eng\\
=019  c\$a102540387
=019  0\$as664800009
=022  \\$a1873-4383$l1085-6862$y1085-6862
=040  \\$aUk$beng$cUk
=082  04$a618$222
=084  \\$aGW 0$2blsrissc
=130  0\$aACOG clinical review (Online)
=245  10$aACOG clinical review$h[electronic resource].
=246  3\$aAmerican College of Obstetricians and Gynecologists clinical review
=246  30$aClinical review
=260  \\$aNew York, NY :$bElsevier Science Pub. Co.,$cc2003-
=310  \\$aBi-monthly
=336  \\$atext$2rdacontent
=337  \\$acomputer$2rdamedia
=338  \\$aonline resource$2rdacarrier
=362  0\$aVol. 1, issue 1 (Jan./Feb. 1996)-
=500  \\$aTitle from table of contents (viewed Nov. 14, 2003).
=530  \\$aAlso issued in print.
=538  \\$aMode of access: World Wide Web.
=540  \\$aCurrent copyright fee: GBP7.20$c0$5Uk
=595  \\$aFORMERLY 0578.687040 UP TO VOL. 8, 1995 SEE ALSO CARD INDEX.
=650  \0$aObstetrics$vPeriodicals.
=650  \0$aGynecology$vPeriodicals.
=710  2\$aAmerican College of Obstetricians and Gynecologists.
=776  1\$tACOG clinical review$x1085-6862
=852  41$aBritish Library$bDSC$j0578.687026$3Volume 1, Issue 1 (1996)-Volume 8, Issue 10 (2003)***See ESTAR for full holdings.
=945  \\$aACOG clinical review
=959  \\$fHeld but not currently received.
=A02  \\$a102540387
=ACF  \\$aPrevious Copyright Fee: GBP5.45$c0$e01-jul-2012$fGBP5.45$g0$hC$5Uk
=ACF  \\$aPrevious copyright fee: GBP12.00$c0$e06-mar-2012$fGBP12.00$g0$hA$5Uk
=ACF  \\$aPrevious copyright fee: GBP21.00$c5\1$e01-jan-2012$fGBP21.00$g0$hP$5Uk
=ACF  \\$aPrevious copyright fee: GBP20.00$c5\1$e01-jan-2009$fGBP20.00$g0$hP$5Uk
=ACF  \\$aPrevious copyright fee: GBP19.00$c5\1$e17-mar-2008$fGBP19.00$g0$hP$5Uk
=ACF  \\$aPrevious copyright fee: GBP16.22$c0$e01-apr-2004$fGBP16.22$g0$hC$5Uk
=ACF  \\$aCurrent copyright fee: GBP5.00$c0$e01-jan-2004$fGBP5.00$g0$hA$5Uk
=ACF  \\$aCurrent copyright fee: GBP20.00$c5\4$e01-jan-2003$fGBP20.00$g0$hP$5Uk
=CAT  \\$aCONV$b00$c20040425$lBLL90$h0712
=CAT  \\$aCONV$b00$c20040502$lBLL01$h1508
=CAT  \\$c20041010$lBLL01$h2035
=CAT  \\$a5552$b40$c20050216$lBLL01$h1412
=CAT  \\$a7174$b40$c20080317$lBLL01$h1230
=CAT  \\$a7174$b40$c20080317$lBLL01$h1231
=CAT  \\$a7174$b40$c20080317$lBLL01$h1347
=CAT  \\$aBATCH-UPD$b40$c20081119$lBLL01$h1559
=CAT  \\$aBATCH-UPD$b40$c20081231$lBLL01$h2310
=CAT  \\$aBATCH-UPD$b40$c20090101$lBLL01$h0045
=CAT  \\$aBATCH$b00$c20090101$lBLL01$h0220
=CAT  \\$aBATCH$b00$c20091210$lBLL01$h2329
=CAT  \\$aBATCH$b00$c20091214$lBLL01$h0841
=CAT  \\$aBATCH$b00$c20091216$lBLL01$h0216
=CAT  \\$aWR10_164$c20101215$lBLL01$h1510
=CAT  \\$aBATCH-UPD$b00$c20111123$lBLL01$h1852
=CAT  \\$aIPL-CLA$c20111230$lBLL01$h2013
=CAT  \\$a5552$b40$c20120306$lBLL01$h0903
=CAT  \\$a5552$b40$c20120704$lBLL01$h0848
=CAT  \\$a5552$b40$c20121010$lBLL01$h0841
=CAT  \\$aBATCH-CLA$b00$c20121109$lBLL01$h1734
=CAT  \\$a5552$b40$c20130109$lBLL01$h0827
=CAT  \\$aWR13.005$c20130323$lBLL01$h1509
=CAT  \\$a8874$b40$c20130710$lBLL01$h0858
=CAT  \\$aBATCH-FIX$c20230511$lBLL01$h1628
=CAT  \\$a12654$b40$c20230524$lBLL01$h0731
=CAT  \\$a12654$b40$c20230524$lBLL01$h0732
=CFI  0\$aCurrent Copyright Fee: GBP7.20$c0$e24-may-2023$fGBP7.20$g0$hC$5Uk
=CFI  2\$aPrevious Copyright Fee: GBP5.63$c0$e09-jan-2013$fGBP5.63$g0$hC$5Uk
=CFI  2\$aPrevious Copyright Fee: GBP5.81$c0$e10-oct-2012$fGBP5.81$g0$hC$5Uk
=EST  \\$a1
=FIN  \\$aY
=FMT  \\$a  SE
=LAS  \\$a12654$b40$c20230524$lBLL01$h0732
=LEO  \\$aMP10.0000629151
=LEO  \\$aMP25.0000345979
=MNI  \\$a1085-6862
=SRC  \\$aSRI01$bbibmp25.200404.2.aa
=SRC  \\$aDSS01$bbibmp10.200404.2.aa
=TCO  \\$aNLD$bSTICHTING REPRORECHT$c008
=TOC  \\$aETOC

