=LDR  01353 as a22004333  4500
=001  012432857
=003  Uk
=005  20080304105842.0
=007  cu||||
=008  040410c||||||||ne\cr\p|s|\\\\0\\\|0und\\
=019  c\$a102579516
=040  \\$aUk$cUk
=245  00$aESTAR ELECTRONIC -CD ROM-$h[electronic resource].
=310  \\$aVery frequent
=336  \\$atext$2rdacontent
=337  \\$acomputer$2rdamedia
=852  41$aBritish Library$bDSC$j3812.537020
=945  \\$aESTAR ELECTRONIC -CD ROM-.
=959  \\$fHeld but not currently received
=985  \\$aCorrected by BSS-generated file for WR# 08/157
=A02  \\$a102579516
=CAT  \\$aCONV$b00$c20040425$lBLL90$h0712
=CAT  \\$aCONV$b00$c20040502$lBLL01$h1508
=CAT  \\$a8464$b40$c20080304$lBLL01$h1058
=CAT  \\$aBLSS-CORR$b00$c20081105$lBLL01$h1603
=CAT  \\$aBATCH$b00$c20081105$lBLL01$h1605
=CAT  \\$aBATCH$b00$c20091210$lBLL01$h2330
=CAT  \\$aBATCH$b00$c20091214$lBLL01$h0842
=CAT  \\$aBATCH$b00$c20091216$lBLL01$h0216
=CAT  \\$aBATCH-UPD$b00$c20110823$lBLL01$h1521
=CAT  \\$aWR13.005$c20130323$lBLL01$h1510
=EST  \\$a1
=FIN  \\$aY
=FMT  \\$a  SE
=LAS  \\$aWR13.005$b00$c20130323$lBLL01$h1510
=LEO  \\$aMP10.0000630127
=SRC  \\$aDSS01$bbibmp10.200404.2.aa
=TCO  \\$aNLD$bSTICHTING REPRORECHT$c008
=TOC  \\$aETOC

