=LDR  03246cas a22008053  4500
=001  012433389
=003  Uk
=005  20230511162829.0
=007  cu||||
=008  040410d19952002xxkqr\p|s|\\\\0\\\|0eng\\
=019  c\$a102513772
=022  0\$a1353-5226
=040  \\$aUk$cUk
=245  00$aINTEGRATED PEST MANAGEMENT REVIEWS$h[electronic resource].
=310  \\$aQuarterly
=336  \\$atext$2rdacontent
=337  \\$acomputer$2rdamedia
=540  \\$aCurrent copyright fee: GBP29.95$c0$5Uk
=852  41$aBritish Library$bDSC$j4531.816103$3Volume 1(1995)-Volume 7, Issue 4(2002).
=883  0\$aLanguage codes assigned by Bayesian analysis of words present in record$d20201028$qUk$c0.9010
=945  \\$aINTEGRATED PEST MANAGEMENT REVIEWS
=959  \\$fHeld but not currently received
=963  \\$aVOL. 1, 1995- *A=1$bN$cL440.B.1074
=985  \\$aCorrected by BSS-generated file for WR# 08/157
=985  \\$aUpgraded by BSS-generated file for WR2011-1472
=A02  \\$a102513772
=ACF  \\$aPrevious Copyright Fee: GBP22.00$c0$e01-apr-2009$fGBP22.00$g0$hC$5Uk
=ACF  \\$aCurrent Copyright Fee: GBP16.75$c0$e01-apr-2007$fGBP16.75$g0$hC$5Uk
=ACF  \\$aCurrent Copyright Fee: GBP16.50$c0$e01-apr-2005$fGBP16.50$g0$hC$5Uk
=ACF  \\$aCurrent copyright fee: GBP5.00$c0$e01-jan-2005$fGBP5.00$g0$hA$5Uk
=ACF  \\$aPrevious copyright fee: GBP13.51$c13\1$e01-apr-2004$fGBP13.51$g0$hP$5Uk
=ACF  \\$aCurrent copyright fee: GBP14.71$c13\1$e01-jan-2004$fGBP14.71$g0$hP$5Uk
=ACF  \\$aCurrent copyright fee: GBP15.63$c13\1$e01-jan-2003$fGBP15.63$g0$hP$5Uk
=CAT  \\$aCONV$b00$c20040425$lBLL90$h0713
=CAT  \\$c20041231$lBLL01$h1920
=CAT  \\$c20041231$lBLL01$h2005
=CAT  \\$c20041231$lBLL01$h2050
=CAT  \\$a5552$b40$c20050117$lBLL01$h1039
=CAT  \\$a5552$b40$c20050427$lBLL01$h1421
=CAT  \\$a10963$b40$c20051007$lBLL01$h1419
=CAT  \\$a5552$b40$c20070410$lBLL01$h1335
=CAT  \\$a10932$b40$c20070628$lBLL01$h1147
=CAT  \\$aBLSS-CORR$b00$c20081105$lBLL01$h1604
=CAT  \\$aBATCH$b00$c20081105$lBLL01$h1605
=CAT  \\$a5552$b40$c20090403$lBLL01$h1323
=CAT  \\$aBATCH$b00$c20091210$lBLL01$h2330
=CAT  \\$aBATCH$b00$c20091214$lBLL01$h0842
=CAT  \\$aBATCH$b00$c20091216$lBLL01$h0216
=CAT  \\$aBATCH-UPD$b00$c20101201$lBLL01$h1248
=CAT  \\$aWR10_164$c20101215$lBLL01$h1510
=CAT  \\$aIPL-CLA$c20101231$lBLL01$h1508
=CAT  \\$a5552$b40$c20110106$lBLL01$h1207
=CAT  \\$aBATCH-CLA$b00$c20121109$lBLL01$h1734
=CAT  \\$a12654$b40$c20130109$lBLL01$h1144
=CAT  \\$aWR13.005$c20130323$lBLL01$h1510
=CAT  \\$aBATCH-CLA$b00$c20140125$lBLL01$h1259
=CAT  \\$aBATCH-CLA$c20140225$lBLL01$h2319
=CAT  \\$aW2011-1472$b00$c20201127$lBLL01$h1803
=CAT  \\$aBATCH-FIX$c20230511$lBLL01$h1628
=CFI  0\$aCurrent Copyright Fee: GBP29.95$c0$e09-jan-2013$fGBP29.95$g0$hC$5Uk
=CFI  2\$aPrevious Copyright Fee: GBP22.00$c0$e01-jan-2011$fGBP22.00$g0$hC$5Uk
=EST  \\$a1
=FIN  \\$aY
=FMT  \\$a  SE
=LAS  \\$aBATCH-FIX$b00$c20230511$lBLL01$h1628
=LEO  \\$aMP10.0000630659
=MNI  \\$a1353-5226
=SRC  \\$aDSS01$bbibmp10.200404.2.aa
=TCO  \\$aCLA$bCLA$c008
=TOC  \\$aETOC

