=LDR  04137cas a22009493  4500
=001  012434237
=003  Uk
=005  20230511162830.0
=006  m\\\\\\\\d\\\\\\\\
=007  cr||||||||||||
=008  040410c||||||||ne\qr\p|s|\\\\0\\\|0eng\\
=019  c\$a102331362
=022  0\$y0920-3036
=040  \\$aUk$beng$cUk
=245  00$aK-theory$h[electronic resource].
=260  \\$bSpringer Science + Media
=310  \\$aBi-monthly
=336  \\$atext$2rdacontent
=337  \\$acomputer$2rdamedia
=338  \\$aonline resource$2rdacarrier
=500  \\$aTitle from title screen via ESTAR.
=516  \\$aPDF format
=538  \\$aMode of access: Internet
=540  \\$aBritish Library not licensed to copy$c0$5Uk
=852  41$aBritish Library$bDSC$j5079.080000$3apr-2000 VOL 19 PART 4-Volume 38:Issue 2(2008)***See ESTAR for full holdings.
=883  0\$aLanguage codes assigned by Bayesian analysis of words present in record$d20201028$qUk$c0.9010
=945  \\$aK theory
=959  \\$fHeld but not currently received
=985  \\$aUpgraded by BSS-generated file for WR2011-1472
=A02  \\$a102331362
=ACF  \\$aPrevious copyright fee: GBP25.00$c13\1$e01-jan-2013$fGBP25.00$g0$hP$5Uk
=ACF  \\$aPrevious copyright fee: GBP21.25$c13\1$e01-jan-2009$fGBP21.25$g0$hP$5Uk
=ACF  \\$aPrevious Copyright Fee: GBP16.75$c13\1$e01-jan-2007$fGBP16.75$g0$hP$5Uk
=ACF  \\$aPrevious copyright fee: GBP16.22$c13\1$e01-oct-2006$fGBP16.22$g0$hP$5Uk
=ACF  \\$aPrevious copyright fee: GBP17.14$c13\1$e01-apr-2006$fGBP17.14$g0$hP$5Uk
=ACF  \\$aPrevious copyright fee: GBP16.67$c13\1$e01-jan-2006$fGBP16.67$g0$hP$5Uk
=ACF  \\$aPrevious copyright fee: GBP16.22$c13\1$e01-apr-2005$fGBP16.22$g0$hP$5Uk
=ACF  \\$aPrevious copyright fee: GBP16.67$c13\1$e01-jan-2005$fGBP16.67$g0$hP$5Uk
=ACF  \\$aPrevious copyright fee: GBP13.51$c13\1$e01-apr-2004$fGBP13.51$g0$hP$5Uk
=ACF  \\$aCurrent copyright fee: GBP14.71$c13\1$e01-jan-2004$fGBP14.71$g0$hP$5Uk
=ACF  \\$aCurrent copyright fee: GBP15.63$c13\1$e01-jan-2003$fGBP15.63$g0$hP$5Uk
=ACF  \\$aPrevious copyright fee: GBP22.00$c13\1$e01-apr-2009$fGBP22.00$g0$hP$5Uk
=ACF  \\$aPrevious copyright fee: GBP22.00$c13\1$e12-aug-2012$fGBP22.00$g0$hP$5Uk
=CAT  \\$aCONV$b00$c20040425$lBLL90$h0713
=CAT  \\$aBATCH-UPD$b40$c20090101$lBLL01$h0046
=CAT  \\$aBATCH$b00$c20090101$lBLL01$h0222
=CAT  \\$aBATCH-UPD$b00$c20090319$lBLL01$h1020
=CAT  \\$aBATCH-UPD$b00$c20090331$lBLL01$h2308
=CAT  \\$aBATCH-UPD$b00$c20090401$lBLL01$h0039
=CAT  \\$aBATCH$b00$c20090401$lBLL01$h0209
=CAT  \\$aBATCH$b00$c20091210$lBLL01$h2330
=CAT  \\$aBATCH$b00$c20091214$lBLL01$h0843
=CAT  \\$aBATCH$b00$c20091216$lBLL01$h0217
=CAT  \\$aWR10_164$c20101215$lBLL01$h1511
=CAT  \\$a12654$b40$c20120110$lBLL01$h0817
=CAT  \\$aBATCH-UPD$b40$c20120812$lBLL01$h1908
=CAT  \\$aIPL-CLA$c20120812$lBLL01$h2028
=CAT  \\$aBATCH-CLA$b00$c20121109$lBLL01$h1734
=CAT  \\$aBATCH-UPD$b00$c20121121$lBLL01$h1558
=CAT  \\$aIPL-CLA$c20121231$lBLL01$h1309
=CAT  \\$aIPL-CLA$c20130102$lBLL01$h1727
=CAT  \\$aWR13.005$c20130323$lBLL01$h1510
=CAT  \\$aBATCH-UPD$b00$c20130522$lBLL01$h1703
=CAT  \\$aIPL-CLA$c20130701$lBLL01$h0040
=CAT  \\$a5552$b40$c20130904$lBLL01$h1054
=CAT  \\$a5552$b40$c20131008$lBLL01$h1609
=CAT  \\$aBATCH-CLA$b00$c20140125$lBLL01$h1253
=CAT  \\$aBATCH-CLA$c20140225$lBLL01$h2320
=CAT  \\$aW2011-1472$b00$c20201127$lBLL01$h1803
=CAT  \\$aBATCH-FIX$c20230511$lBLL01$h1628
=CFI  0\$aBritish Library not licensed to copy$c0$e04-sep-2013$hC$iCFP Excluded$5Uk
=CFI  2\$aPrevious copyright fee: GBP25.77$c13\1$e01-jul-2013$fGBP25.77$g0$hP$5Uk
=EST  \\$a1
=FIN  \\$aY
=FMT  \\$a  SE
=LAS  \\$aBATCH-FIX$b00$c20230511$lBLL01$h1628
=LEO  \\$aMP10.0000631507
=LKR  \\$aPAR$b007535755$lBLL01$r776$mK-theory [electronic resource].$nK-theory (Print).
=MNI  \\$a0920-3036
=SRC  \\$aDSS01$bbibmp10.200404.2.aa
=TCO  \\$aNLD$bSTICHTING REPRORECHT$c008
=TOC  \\$aETOC

