=LDR  03977cas a22009253  4500
=001  012434264
=003  Uk
=005  20230511162830.0
=006  m\\\\\\\\d\\\\\\\\
=007  cr||||||||||||
=008  040410c||||||||ne\br\p|s|\\\\0\\\|0eng\\
=019  c\$a102098874
=022  0\$y0147-7307
=040  \\$aUk$beng$cUk
=245  00$aLaw and human behaviour$h[electronic resource].
=260  \\$bSpringer Science + Media
=310  \\$aBi-monthly
=336  \\$atext$2rdacontent
=337  \\$acomputer$2rdamedia
=338  \\$aonline resource$2rdacarrier
=500  \\$aTitle from title screen via ESTAR.
=516  \\$aPDF format
=538  \\$aMode of access: Internet
=540  \\$aCurrent copyright fee: GBP29.95$c0$5Uk
=852  41$aBritish Library$bDSC$j5161.352500$3feb-1997 VOL 21 PART 1-Volume 35:Issue 6(2011)***See ESTAR for full holdings.
=883  0\$aLanguage codes assigned by Bayesian analysis of words present in record$d20201028$qUk$c0.9010
=945  \\$aLaw and human behavior.
=959  \\$fHeld but not currently received
=985  \\$aUpgraded by BSS-generated file for WR2011-1472
=A02  \\$a102098874
=ACF  \\$aPrevious copyright fee: GBP22.00$c4\4$e01-apr-2009$fGBP22.00$g0$hP$5Uk
=ACF  \\$aPrevious copyright fee: GBP21.25$c4\4$e01-jan-2009$fGBP21.25$g0$hP$5Uk
=ACF  \\$aPrevious copyright fee: GBP16.75$c4\4$e01-jan-2007$fGBP16.75$g0$hP$5Uk
=ACF  \\$aPrevious copyright fee: GBP16.22$c4\4$e01-oct-2006$fGBP16.22$g0$hP$5Uk
=ACF  \\$aPrevious copyright fee: GBP17.14$c4\4$e01-apr-2006$fGBP17.14$g0$hP$5Uk
=ACF  \\$aPrevious copyright fee: GBP16.67$c4\4$e01-jan-2006$fGBP16.67$g0$hP$5Uk
=ACF  \\$aPrevious copyright fee: GBP16.22$c4\4$e01-apr-2005$fGBP16.22$g0$hP$5Uk
=ACF  \\$aPrevious copyright fee: GBP16.67$c4\4$e01-jan-2005$fGBP16.67$g0$hP$5Uk
=ACF  \\$aPrevious copyright fee: GBP13.51$c4\4$e01-apr-2004$fGBP13.51$g0$hP$5Uk
=ACF  \\$aCurrent copyright fee: GBP14.71$c4\4$e01-jan-2004$fGBP14.71$g0$hP$5Uk
=ACF  \\$aCurrent copyright fee: GBP15.63$c4\4$e01-jan-2003$fGBP15.63$g0$hP$5Uk
=CAT  \\$aCONV$b00$c20040425$lBLL90$h0713
=CAT  \\$aBATCH-UPD$b40$c20081119$lBLL01$h1553
=CAT  \\$aBATCH-UPD$b40$c20081231$lBLL01$h2312
=CAT  \\$aBATCH-UPD$b40$c20090101$lBLL01$h0047
=CAT  \\$aBATCH$b00$c20090101$lBLL01$h0222
=CAT  \\$aBATCH-UPD$b00$c20090319$lBLL01$h1050
=CAT  \\$aBATCH-UPD$b00$c20090331$lBLL01$h2308
=CAT  \\$aBATCH-UPD$b00$c20090401$lBLL01$h0039
=CAT  \\$aBATCH$b00$c20090401$lBLL01$h0209
=CAT  \\$aBATCH$b00$c20091210$lBLL01$h2330
=CAT  \\$aBATCH$b00$c20091214$lBLL01$h0843
=CAT  \\$aBATCH$b00$c20091216$lBLL01$h0217
=CAT  \\$aWR10_164$c20101215$lBLL01$h1511
=CAT  \\$aCDS12-UPD$b40$c20120206$lBLL01$h1842
=CAT  \\$aCDS12-UPD$b40$c20120207$lBLL01$h2018
=CAT  \\$aBATCH-UPD$b40$c20120812$lBLL01$h1904
=CAT  \\$aIPL-CLA$c20120812$lBLL01$h2028
=CAT  \\$a7233$b40$c20120828$lBLL01$h1543
=CAT  \\$a7233$b40$c20120904$lBLL01$h1532
=CAT  \\$aBATCH-CLA$b00$c20121109$lBLL01$h1734
=CAT  \\$aWR12_168$c20121206$lBLL01$h1814
=CAT  \\$a12654$b40$c20130109$lBLL01$h1238
=CAT  \\$aWR13.005$c20130323$lBLL01$h1510
=CAT  \\$aBATCH-CLA$b00$c20140125$lBLL01$h1310
=CAT  \\$aBATCH-CLA$c20140225$lBLL01$h2320
=CAT  \\$aW2011-1472$b00$c20201127$lBLL01$h1803
=CAT  \\$aBATCH-FIX$c20230511$lBLL01$h1628
=CFI  0\$aCurrent Copyright Fee: GBP29.95$c0$e09-jan-2013$fGBP29.95$g0$hC$5Uk
=CFI  2\$aPrevious copyright fee: GBP22.00$c0$e28-aug-2012$fGBP22.00$g0$hC$5Uk
=EST  \\$a1
=FIN  \\$aY
=FMT  \\$a  SE
=LAS  \\$aBATCH-FIX$b00$c20230511$lBLL01$h1628
=LEO  \\$aMP10.0000631534
=LKR  \\$aPAR$b011120302$lBLL01$r776$mLaw and human behaviour$nLAW AND HUMAN BEHAVIOR.
=MNI  \\$a0147-7307
=SRC  \\$aDSS01$bbibmp10.200404.2.aa
=TCO  \\$aNLD$bSTICHTING REPRORECHT$c008
=TOC  \\$aETOC

