=LDR  03215 as a22007933  4500
=001  012434565
=003  Uk
=005  20201127180340.0
=007  cr||||||||||||
=008  040410c||||||||ne\qr\p|s|\\\\0\\\|0eng\\
=019  c\$a102546855
=022  0\$y1090-0578
=040  \\$aUk$cUk
=245  00$aNONLINEAR DYNAMICS PSYCHOLOGY AND LIFE SCIENCES$h[electronic resource].
=310  \\$aQuarterly
=336  \\$atext$2rdacontent
=337  \\$acomputer$2rdamedia
=338  \\$aonline resource$2rdacarrier
=540  \\$aBritish Library not licensed to copy$c0$5Uk
=852  41$aBritish Library$bDSC$j6117.316720$3jan-1997 VOL 1 PART 1-oct-2003 VOL 7 PART 4***See ESTAR for full holdings.
=883  0\$aLanguage codes assigned by Bayesian analysis of words present in record$d20201028$qUk$c0.9010
=945  \\$aNONLINEAR DYNAMICS PSYCHOLOGY AND LIFE SCIENCES.
=959  \\$fHeld but not currently received
=985  \\$aCorrected by BSS-generated file for WR# 08/157
=985  \\$aUpgraded by BSS-generated file for WR2011-1472
=A02  \\$a102546855
=ACF  \\$aPrevious copyright fee: GBP16.67$c4\2$e01-jan-2006$fGBP16.67$g0$hP$5Uk
=ACF  \\$aPrevious copyright fee: GBP16.22$c4\2$e01-apr-2005$fGBP16.22$g0$hP$5Uk
=ACF  \\$aPrevious copyright fee: GBP16.67$c4\2$e01-jan-2005$fGBP16.67$g0$hP$5Uk
=ACF  \\$aPrevious copyright fee: GBP13.51$c4\2$e01-apr-2004$fGBP13.51$g0$hP$5Uk
=ACF  \\$aCurrent copyright fee: GBP14.71$c4\2$e01-jan-2004$fGBP14.71$g0$hP$5Uk
=ACF  \\$aCurrent copyright fee: GBP15.63$c4\2$e01-jan-2003$fGBP15.63$g0$hP$5Uk
=CAT  \\$aCONV$b00$c20040425$lBLL90$h0713
=CAT  \\$c20051128$lBLL01$h1150
=CAT  \\$c20051230$lBLL01$h2014
=CAT  \\$c20051230$lBLL01$h2142
=CAT  \\$c20051230$lBLL01$h2323
=CAT  \\$c20060221$lBLL01$h1202
=CAT  \\$c20060404$lBLL01$h2251
=CAT  \\$c20060404$lBLL01$h0053
=CAT  \\$c20060405$lBLL01$h0229
=CAT  \\$a7174$b40$c20060410$lBLL01$h1216
=CAT  \\$a7174$b40$c20060410$lBLL01$h1217
=CAT  \\$aBATCH-UPD$b40$c20060901$lBLL01$h0955
=CAT  \\$aBATCH-UPD$b40$c20060901$lBLL01$h1028
=CAT  \\$aBLSS-CORR$b00$c20081105$lBLL01$h1604
=CAT  \\$aBATCH$b00$c20081105$lBLL01$h1606
=CAT  \\$aBATCH$b00$c20091210$lBLL01$h2331
=CAT  \\$aBATCH$b00$c20091214$lBLL01$h0843
=CAT  \\$aBATCH$b00$c20091216$lBLL01$h0217
=CAT  \\$aWR10_164$c20101215$lBLL01$h1511
=CAT  \\$a5552$b40$c20120210$lBLL01$h1050
=CAT  \\$aBATCH-CLA$b00$c20121109$lBLL01$h1733
=CAT  \\$aWR12_128$c20121113$lBLL01$h1838
=CAT  \\$aWR13.005$c20130323$lBLL01$h1510
=CAT  \\$aBATCH-CLA$b00$c20140125$lBLL01$h1314
=CAT  \\$aBATCH-CLA$c20140225$lBLL01$h2320
=CAT  \\$aW2011-1472$b00$c20201127$lBLL01$h1803
=CFI  0\$aBritish Library not licensed to copy$c0$e10-feb-2012$hC$iCFP Excluded$5Uk
=CFI  2\$aPrevious copyright fee: GBP17.14$c4\2$e01-apr-2006$fGBP17.14$g0$hP$5Uk
=EST  \\$a1
=FIN  \\$aY
=FMT  \\$a  SE
=LAS  \\$aW2011-1472$b00$c20201127$lBLL01$h1803
=LEO  \\$aMP10.0000631835
=MNI  \\$a1090-0578
=SRC  \\$aDSS01$bbibmp10.200404.2.aa
=TCO  \\$aNLD$bSTICHTING REPRORECHT$c008
=TOC  \\$aETOC

