=LDR  02823 as a22007213  4500
=001  012435152
=003  Uk
=005  20201127180344.0
=007  cu||||
=008  040410c||||||||ne\qr\p|s|\\\\0\\\|0eng\\
=019  c\$a102604936
=022  0\$y1472-9288
=040  \\$aUk$cUk
=245  00$aTHALAMUS AND RELATED SYSTEMS$h[electronic resource].
=310  \\$aQuarterly
=336  \\$atext$2rdacontent
=337  \\$acomputer$2rdamedia
=540  \\$aCurrent copyright fee: GBP15.00$c0$5Uk
=852  41$aBritish Library$bDSC$j8814.142000$3mar-2001 VOL 1 PART 1-Volume 2:Part 4(2003)***See ESTAR for full holdings.
=883  0\$aLanguage codes assigned by Bayesian analysis of words present in record$d20201028$qUk$c0.9010
=945  \\$aTHALAMUS AND RELATED SYSTEMS
=959  \\$fHeld but not currently received
=985  \\$aCorrected by BSS-generated file for WR# 08/157
=985  \\$aUpgraded by BSS-generated file for WR2011-1472
=A02  \\$a102604936
=ACF  \\$aPrevious copyright fee: GBP5.00$c0$e01-jan-2005$fGBP5.00$g0$hA$5Uk
=ACF  \\$aPrevious copyright fee: GBP18.00$c5\1$e01-apr-2004$fGBP18.00$g0$hP$5Uk
=ACF  \\$aCurrent copyright fee: GBP20.00$c5\1$e01-jan-2003$fGBP20.00$g0$hP$5Uk
=ACF  \\$aCurrent copyright fee: GBP15.00$c5\1$e01-jul-2002$fGBP15.00$g0$hP$5Uk
=CAT  \\$aCONV$b00$c20040425$lBLL90$h0713
=CAT  \\$c20041010$lBLL01$h2037
=CAT  \\$a5552$b40$c20041123$lBLL01$h1537
=CAT  \\$c20041231$lBLL01$h1921
=CAT  \\$c20041231$lBLL01$h2006
=CAT  \\$c20041231$lBLL01$h2050
=CAT  \\$a5552$b40$c20050117$lBLL01$h1058
=CAT  \\$a5552$b40$c20060719$lBLL01$h1556
=CAT  \\$a7174$b40$c20080303$lBLL01$h1144
=CAT  \\$aBLSS-CORR$b00$c20081105$lBLL01$h1604
=CAT  \\$aBATCH$b00$c20081105$lBLL01$h1606
=CAT  \\$aBATCH$b00$c20091210$lBLL01$h2331
=CAT  \\$aBATCH$b00$c20091214$lBLL01$h0843
=CAT  \\$aBATCH$b00$c20091216$lBLL01$h0217
=CAT  \\$aBATCH-UPD$b00$c20101201$lBLL01$h1248
=CAT  \\$aWR10_164$c20101215$lBLL01$h1511
=CAT  \\$aIPL-CLA$c20101231$lBLL01$h1508
=CAT  \\$a5552$b40$c20110106$lBLL01$h1427
=CAT  \\$aBATCH-CLA$b00$c20121109$lBLL01$h1733
=CAT  \\$aWR13.005$c20130323$lBLL01$h1511
=CAT  \\$aBATCH-CLA$b00$c20140125$lBLL01$h1311
=CAT  \\$aBATCH-CLA$c20140225$lBLL01$h2320
=CAT  \\$aW2011-1472$b00$c20201127$lBLL01$h1803
=CFI  0\$aCurrent Copyright Fee: GBP15.00$c0$e01-jan-2011$fGBP15.00$g0$hC$5Uk
=CFI  2\$aPrevious Copyright Fee: GBP15.00$c0$e19-jul-2006$fGBP15.00$g0$hC$5Uk
=EST  \\$a1
=FIN  \\$aY
=FMT  \\$a  SE
=LAS  \\$aW2011-1472$b00$c20201127$lBLL01$h1803
=LEO  \\$aMP10.0000632422
=MNI  \\$a1472-9288
=SRC  \\$aDSS01$bbibmp10.200404.2.aa
=TCO  \\$aNLD$bSTICHTING REPRORECHT$c008
=TOC  \\$aETOC

