=LDR  04534 as a2200997 a 4500
=001  013367831
=003  Uk
=005  20201126084916.0
=006  m\\\\\\\\d\\\\\\\\
=007  cr\anu||||||||
=008  031008c19959999ne\fx\pss\o\\\0\\\\0dut\d
=010  \\$a2004235637
=035  \\$a(OCoLC)53166021
=040  \\$aMiU$cMiU$dMH$dOCoLC$dCStRLIN$dUk
=041  0\$adut$aeng
=042  \\$aukblsr
=050  10$aML27.N4
=130  0\$aTijdschrift van de Koninklijke Vereniging voor Nederlandse Muziekgeschiedenis (Online)
=245  10$aTijdschrift van de Koninklijke Vereniging voor Nederlandse Muziekgeschiedenis$h[electronic resource].
=260  \\$aUtrecht :$bKoninklijke VNM,$c1995-
=310  \\$aTwo no. a year
=336  \\$atext$2rdacontent
=337  \\$acomputer$2rdamedia
=338  \\$aonline resource$2rdacarrier
=362  0\$aD. 45, 1 (1995)-
=500  \\$aTitle from title screen (JSTOR, viewed Oct. 8, 2003).
=500  \\$aLatest issue consulted: D. 47, aflevering 1/2 (1997) (JSTOR, viewed Oct. 8, 2003).
=515  \\$aSome issues combined.
=530  \\$aAlso issued in print.
=538  \\$aMode of access: World Wide Web.
=540  \\$aCurrent Copyright Fee: GBP25.00$c0$5Uk
=546  \\$aIn Dutch and English.
=650  \0$aMusic$vPeriodicals.
=710  2\$aKoninklijke Vereniging voor Nederlandse Muziekgeschiedenis.
=776  1\$tTijdschrift van de Koninklijke Vereniging voor Nederlandse Muziekgeschiedenis$x1383-7079
=852  41$aBritish Library$bDSC$j8835.930000$3See ESTAR for full holdings.
=945  \\$aTijdschrift van de Koninklijke Vereniging voor Nederlandse Muziekgeschiedenis
=959  \\$fHeld but not currently received013367831
=ACF  \\$aPrevious copyright fee: GBP17.00$c2\0$e01-jan-2010$fGBP17.00$g0$hP$5Uk
=ACF  \\$aPrevious copyright fee: GBP16.00$c2\0$e01-jan-2009$fGBP16.00$g0$hP$5Uk
=ACF  \\$aPrevious copyright fee: GBP15.00$c2\0$e01-apr-2008$fGBP15.00$g0$hP$5Uk
=ACF  \\$aPrevious copyright fee: GBP16.00$c2\0$e01-jan-2007$fGBP16.00$g0$hP$5Uk
=ACF  \\$aPrevious Copyright Fee: GBP13.00$c2\0$e01-jan-2006$fGBP13.00$g0$hP$5Uk
=ACF  \\$aPrevious copyright fee: GBP21.00$c2\0$e01-jan-2011$fGBP21.00$g0$hP$5Uk
=ACF  \\$aPrevious copyright fee: GBP23.50$c2\0$e01-jan-2013$fGBP23.50$g0$hP$5Uk
=ACF  \\$aPrevious copyright fee: GBP23.00$c2\0$e01-jan-2012$fGBP23.00$g0$hP$5Uk
=ACF  \\$aPrevious copyright fee: GBP12.00$c0$e17-oct-2013$fGBP12.00$g0$hA$5Uk
=ACF  \\$aPrevious Copyright Fee: GBP12.30$c0$e01-jan-2014$fGBP12.30$g0$hA$5Uk
=ACF  \\$aPrevious Copyright Fee: GBP15.00$c0$e01-jan-2017$fGBP15.00$g0$hA$5Uk
=CAT  \\$a3072$b40$c20051222$lBLL01$h1321
=CAT  \\$aBATCH-UPD$b40$c20091118$lBLL01$h1243
=CAT  \\$aBATCH-UPD$b40$c20091231$lBLL01$h1811
=CAT  \\$aBATCH-UPD$b40$c20091231$lBLL01$h1830
=CAT  \\$aBATCH$b00$c20091231$lBLL01$h1850
=CAT  \\$aBATCH-UPD$b00$c20101116$lBLL01$h1332
=CAT  \\$aIPL-CLA$c20101231$lBLL01$h1518
=CAT  \\$a12654$b40$c20110531$lBLL01$h1404
=CAT  \\$aBATCH-UPD$b40$c20111123$lBLL01$h1839
=CAT  \\$aIPL-CLA$c20111230$lBLL01$h2023
=CAT  \\$aBATCH-CLA$b00$c20121109$lBLL01$h1727
=CAT  \\$aBATCH-UPD$b00$c20121121$lBLL01$h1613
=CAT  \\$aIPL-CLA$c20121231$lBLL01$h1318
=CAT  \\$aIPL-CLA$c20130102$lBLL01$h1743
=CAT  \\$aWR13.005$c20130323$lBLL01$h1338
=CAT  \\$a5552$b40$c20131017$lBLL01$h1544
=CAT  \\$aBATCH-CLA$c20131220$lBLL01$h2036
=CAT  \\$aIPL-CLA$c20131231$lBLL01$h2358
=CAT  \\$aBATCH-CLA$b00$c20161222$lBLL01$h1808
=CAT  \\$aIPL-CLA$c20161230$lBLL01$h2151
=CAT  \\$aBATCH-CLA$b00$c20171222$lBLL01$h2130
=CAT  \\$aIPL-CLA$c20171231$lBLL01$h1650
=CAT  \\$aBATCH-CLA$b00$c20191219$lBLL01$h1735
=CAT  \\$aIPL-CLA$c20191231$lBLL01$h1937
=CAT  \\$aR2001-1524$c20200127$lBLL01$h2015
=CAT  \\$a12654$b40$c20201126$lBLL01$h0849
=CFI  0\$aCurrent Copyright Fee: GBP25.00$c0$e26-nov-2020$fGBP25.00$g0$hC$5Uk
=CFI  2\$aPrevious Copyright Fee: GBP17.50$c0$e01-jan-2018$fGBP17.50$g0$hA$5Uk
=EST  \\$a1
=FIN  \\$aY$d20051222
=FMT  \\$a  SE
=LAS  \\$a12654$b40$c20201126$lBLL01$h0849
=LKR  \\$aPAR$b011136910$lBLL01$r776$mTijdschrift van de Koninklijke Vereniging voor Nederlandse Muziekgeschiedenis (Online)$nTijdschrift van de Koninklijke Vereniging voor Nederlandse Muziekgeschiedenis (Print)
=MNI  \\$a1383-7079
=SID  \\$aZ39$bRLG
=TCO  \\$aNLD$bSTICHTING REPRORECHT$c008
=TOC  \\$aETOC

