=LDR  04584cas a2201033 a 4500
=001  010458133
=003  Uk
=005  20221231143905.0
=006  m\\\\\\\\d\\\\\\\\
=007  ta
=008  040409c20009999enkar\\\\\\\\o0\\\a0eng\\
=015  \\$aGBA872154$2bnb
=019  c\$a2609799
=040  \\$aUk$beng$cUk$dUk
=042  \\$aukblsr
=082  04$a353.4$222
=110  1\$aGreat Britain.$bCriminal Records Bureau.
=245  10$aAnnual report and accounts$cCriminal Records Bureau.
=260  \\$bTSO$aLondon :
=300  \\$av. :$bcol. ill. ;$c30 cm.
=336  \\$atext$2rdacontent
=337  \\$aunmediated$2rdamedia
=338  \\$avolume$2rdacarrier
=362  1\$aBegan with 2000/2001.
=538  \\$aMode of access: World Wide Web.
=540  \\$aCurrent Copyright Fee: GBP25.00$c0$5Uk
=588  \\$aDescription based on: 2006/07 issue.
=588  \\$aLatest issue consulted: 2008/09.
=595  \\$aSEE ALSO OFFICIAL PUBLICATIONS.
=610  10$aGreat Britain.$bCriminal Records Bureau$vPeriodicals.
=610  10$aGreat Britain.$bCriminal Records Bureau$xFinance$vPeriodicals.
=650  \0$aCriminal records$xAdministration$zGreat Britain$vPeriodicals.
=690  7\$aManagement and Business Studies$2blcoll
=776  0\$aGreat Britain. Criminal Records$tAnnual report and accounts$c(Online)
=852  41$aBritish Library$bHMNTS$jBS.Ref.1$3Held as part of the House of Commons papers on BS.Ref.1.
=852  41$aBritish Library$bHMNTS$jOPA.9.x.923$32008/2009 only***From 2010 all stock is held as a House of Commons Paper at BS.Ref.1, bib no. 15864075.
=852  41$aBritish Library$bDSC$j1501.512000$32000/2001; 2006/2007
=945  \\$aAnnual report and accounts- Criminal Records Bureau.
=959  \\$fHeld but not currently received
=985  \\$aFrom 2010 all stock is held as a House of Commons Paper at BS.Ref.1, bib no. 15864075.
=A02  \\$a2609799
=ACF  \\$aPrevious copyright fee: GBP9.00$c0$e01-apr-2010$fGBP9.00$g0$hA$5Uk
=ACF  \\$aPrevious copyright fee: GBP6.00$c0$e01-apr-2008$fGBP6.00$g0$hA$5Uk
=ACF  \\$aPrevious copyright fee: GBP5.00$c0$e01-jul-2002$fGBP5.00$g0$hA$5Uk
=ACF  \\$aCurrent copyright fee: GBP4.40$c0$e01-oct-2001$fGBP4.40$g0$hA$5Uk
=ACF  \\$aPrevious copyright fee: GBP10.50$c0$e01-jan-2011$fGBP10.50$g0$hA$5Uk
=ACF  \\$aPrevious copyright fee: GBP12.00$c0$e01-jan-2012$fGBP12.00$g0$hA$5Uk
=ACF  \\$aPrevious Copyright Fee: GBP12.30$c0$e01-jan-2014$fGBP12.30$g0$hA$5Uk
=ACF  \\$aPrevious Copyright Fee: GBP15.00$c0$e01-jan-2017$fGBP15.00$g0$hA$5Uk
=ACF  \\$aPrevious Copyright Fee: GBP17.50$c0$e01-jan-2018$fGBP17.50$g0$hA$5Uk
=ACF  \\$aPrevious Copyright Fee: GBP20.00$c0$e01-jan-2020$fGBP20.00$g0$hA$5Uk
=CAT  \\$aCONV$b00$c20040425$lBLL90$h0659
=CAT  \\$a11205$b40$c20110713$lBLL01$h1417
=CAT  \\$aWR11_203$c20111204$lBLL01$h1402
=CAT  \\$aIPL-CLA$c20111230$lBLL01$h1835
=CAT  \\$a5997$b40$c20120917$lBLL01$h0832
=CAT  \\$aBATCH-CLA$b00$c20121105$lBLL01$h1747
=CAT  \\$aBATCH-UPD$b00$c20121105$lBLL01$h2049
=CAT  \\$aWR13.005$c20130322$lBLL01$h1955
=CAT  \\$aBATCH-CLA$c20131218$lBLL01$h2241
=CAT  \\$aIPL-CLA$c20131231$lBLL01$h2104
=CAT  \\$aWR14_140$c20140905$lBLL01$h1742
=CAT  \\$a8483$b40$c20150115$lBLL01$h1103
=CAT  \\$a8483$b40$c20150115$lBLL01$h1112
=CAT  \\$a5552$b40$c20150211$lBLL01$h0848
=CAT  \\$aBATCH-UPD$b40$c20150423$lBLL01$h1903
=CAT  \\$aBATCH-CLA$b00$c20161222$lBLL01$h1730
=CAT  \\$aIPL-CLA$c20161230$lBLL01$h1935
=CAT  \\$aBATCH-CLA$b00$c20171222$lBLL01$h2033
=CAT  \\$aIPL-CLA$c20171231$lBLL01$h1506
=CAT  \\$aBATCH-CLA$b00$c20191219$lBLL01$h1655
=CAT  \\$aIPL-CLA$c20191231$lBLL01$h1821
=CAT  \\$aR2001-1524$c20200127$lBLL01$h1942
=CAT  \\$aBATCH-CLA$b00$c20201204$lBLL01$h1453
=CAT  \\$aIPL-CLA$c20201231$lBLL01$h1523
=CAT  \\$aBATCH-CLA$b00$c20221221$lBLL01$h1800
=CAT  \\$aIPL-CLA$c20221231$lBLL01$h1439
=CFI  0\$aCurrent Copyright Fee: GBP25.00$c0$e01-jan-2023$fGBP25.00$g0$hA$5Uk
=CFI  2\$aPrevious Copyright Fee: GBP22.50$c0$e01-jan-2021$fGBP22.50$g0$hA$5Uk
=EST  \\$a1
=FIN  \\$aY
=FMT  \\$a  SE
=LAS  \\$aIPL-CLA$b00$c20221231$lBLL01$h1439
=LEO  \\$aMP10.0000064621
=LET  \0$aAnnual report and accounts (Criminal Records Bureau)
=LKR  \\$aPAR$b014911914$lBLL01$r776$mAnnual report and accounts (Print)$nAnnual report and accounts (Online)
=SRC  \\$aDSS01$bbibmp10.200404.2.aa
=TCO  \\$aCLA$bCLA$c008
=TOC  \\$aETOC

