=LDR  04242cas a2201045 a 4500
=001  007204806
=003  Uk
=005  20230209233037.0
=006  m\\\\\\\\d\\\\\\\\
=007  ta
=008  001114d19992020enkmr\p\\\\\\\0\\\a0eng\\
=019  1\$abld00E2280
=022  \\$a2058-895X$202
=040  \\$aUk$beng$cUk$duk$erda
=042  \\$aukblsr$aissnuk
=082  04$a338.7094256$222
=130  0\$aBusiness to business (Milton Keynes, England)
=222  \0$aBusiness to business$b(Print)
=245  10$aBusiness to business :$bBedfordshire & Luton.
=246  3\$aBedfordshire & Luton business to business
=246  1\$iMinor title change:$aBusiness 2 business,$fOct. 2010-
=246  3\$aBusiness2business,$fOct. 2010-
=260  \\$aMilton Keynes :$bWoburn Media
=260  2\$a[Milton Keynes :$bBusiness MK]
=264  31$a[Central Milton Keynes :$bWoburn Media Ltd]
=300  \\$av. :$bill. (some col.), ports. (some col.) ;$c34-42 cm.
=310  \\$aMonthly
=336  \\$atext$2rdacontent
=337  \\$aunmediated$2rdamedia
=338  \\$avolume$2rdacarrier
=362  1\$aCeased with volume 22, issue 3 (March 2020).
=500  \\$aSubtitle varies: Your business newspaper, <Oct. 2010->.
=500  \\$aDescription based on: Ed. 52 (Aug./Sept. 1999).
=500  \\$aLatest issue consulted: Vol. 12, no. 10 (Oct. 2010).
=515  \\$aNumbering system varies.
=538  \\$aMode of access: World Wide Web.
=540  \\$aCurrent Copyright Fee: GBP25.00$c0$5Uk
=580  \\$aFrom April 2020, published as a section within Business MK.
=650  \0$aBusiness enterprises$zEngland$zBedfordshire$vPeriodicals.
=690  7\$aManagement and Business Studies$2blcoll
=776  08$iAlso issued online as:$tBusiness to business$x2058-8968
=785  14$tBusiness MK$x2058-8976
=852  41$aBritish Library$bHMNTS$jZK.9.d.2143
=957  \\$a000728c
=959  \\$fCurrently received
=985  \\$aISSN description based on: Vol. 17, no. 3 (March 2015).
=985  \\$aISSN RDA COMPLETION - TO BE CATALOGUED BY RDA TRAINED CATALOGUERS.
=ACF  \\$aPrevious Copyright Fee: GBP12.30$c0$e01-jul-2015$fGBP12.30$g0$hC$5Uk
=ACF  \\$aPrevious Copyright Fee: GBP15.00$c0$e01-jan-2017$fGBP15.00$g0$hC$5Uk
=ACF  \\$aPrevious Copyright Fee: GBP17.50$c0$e01-jan-2018$fGBP17.50$g0$hC$5Uk
=ACF  \\$aPrevious Copyright Fee: GBP20.00$c0$e01-jan-2020$fGBP20.00$g0$hC$5Uk
=ACF  \\$aPrevious Copyright Fee: GBP22.50$c0$e01-jan-2021$fGBP22.50$g0$hC$5Uk
=CAT  \\$aCONV$b00$c20040425$lBLL90$h0713
=CAT  \\$a11187$b40$c20060627$lBLL01$h1218
=CAT  \\$aBATCH$b00$c20090517$lBLL01$h1818
=CAT  \\$aBATCH$b00$c20091118$lBLL01$h2240
=CAT  \\$a8323$b40$c20101011$lBLL01$h0900
=CAT  \\$a8323$b40$c20101011$lBLL01$h0904
=CAT  \\$a11313$b40$c20150319$lBLL01$h1042
=CAT  \\$aBATCH-CLA$b00$c20150529$lBLL01$h1528
=CAT  \\$aIPL-CLA$c20150630$lBLL01$h1632
=CAT  \\$aBATCH-UPD$b00$c20150828$lBLL01$h1143
=CAT  \\$a10973$b40$c20150917$lBLL01$h1444
=CAT  \\$aBATCH-CLA$b00$c20161130$lBLL01$h1631
=CAT  \\$aIPL-CLA$c20161230$lBLL01$h1804
=CAT  \\$aBATCH-CLA$b00$c20171130$lBLL01$h1709
=CAT  \\$aIPL-CLA$c20171231$lBLL01$h1340
=CAT  \\$aBATCH-CLA$b00$c20191129$lBLL01$h1628
=CAT  \\$aIPL-CLA$c20191231$lBLL01$h1714
=CAT  \\$aBATCH-CLA$b00$c20201126$lBLL01$h1415
=CAT  \\$aIPL-CLA$c20201231$lBLL01$h1909
=CAT  \\$a8483$b40$c20211216$lBLL01$h0903
=CAT  \\$a8483$b40$c20211216$lBLL01$h0917
=CAT  \\$a8483$b40$c20211216$lBLL01$h0942
=CAT  \\$aBATCH-CLA$b00$c20221130$lBLL01$h1427
=CAT  \\$aIPL-CLA$c20221231$lBLL01$h1432
=CAT  \\$aBATCH-CLA$b00$c20230209$lBLL01$h1514
=CAT  \\$aIPL-CLA$c20230209$lBLL01$h2330
=CFI  0\$aCurrent Copyright Fee: GBP25.00$c0$e09-feb-2023$fGBP25.00$g0$hC$5Uk
=CFI  2\$aBritish Library not licensed to copy$c0$e01-jan-2023$hC$iCFP Excluded$5Uk
=EST  \\$a1
=FIN  \\$aY
=FMT  \\$a  SE
=LAS  \\$aIPL-CLA$b00$c20230209$lBLL01$h2330
=LEO  \\$aMP13.0000057980
=LET  \0$aBusiness2business (Print)
=SRC  \\$aDSS04$bbibld.200404.2.aa
=SRC  \\$aHSS01$bbibmp13.200404.2.aa
=TCO  \\$aCLA$bCLA$c008
=TOC  \\$aETOC

