=LDR  01539 cm a22004577  4500
=001  004384642
=003  Uk
=005  20210419165232.0
=008  930318s1934\\\\au\||a\||||||||||\\\zxx\|
=019  d\$adh00141718
=019  d\$adh00141719
=040  \\$aUk$beng$cUk$erda
=082  14$a780$215
=100  1\$aHandel, George Frideric,$d1685-1759.
=240  10$aConcerto. D major. H. G. 47. p. 80.
=245  10$aConcerto. Für Orchester mit Orgel ... Bearbeitet von ... H. Harty. Partitur, etc.
=260  \\$aWien :$bUniversal-Edition A. G,$c1934.
=300  \\$c4.̊
=336  \\$anotated music$2rdacontent
=337  \\$aunmediated$2rdamedia
=338  \\$avolume$2rdacarrier
=700  1\$aHarty, Hamilton,$d1879-1941.
=852  41$aBritish Library$bMUSIC$jg.74.z.(17.)
=852  41$aBritish Library$bMUSIC$jg.74.bb.(5.)
=985  \\$aDuplicate record 004384643 merged and deleted 19 April 2021.
=CAT  \\$aCONV$b00$c20040502$lBLL01$h1029
=CAT  \\$a11244$b40$c20061025$lBLL01$h1312
=CAT  \\$aBATCH-UPD$b40$c20061228$lBLL01$h2257
=CAT  \\$aBATCH$b00$c20091205$lBLL01$h1843
=CAT  \\$a8870$b40$c20130611$lBLL01$h1704
=CAT  \\$aBATCH-UPD$b40$c20150730$lBLL01$h2102
=CAT  \\$aWR15_100$c20150820$lBLL01$h2243
=CAT  \\$aW1904-0451$c20190504$lBLL01$h1920
=CAT  \\$a12274$b40$c20210419$lBLL01$h1652
=EST  \\$a1
=FIN  \\$aY
=FMT  \\$a  MU
=LAS  \\$a12274$b40$c20210419$lBLL01$h1652
=LEO  \\$aMP15.0000223012
=LEO  \\$aMP15.0000223013
=SRC  \\$aCPM01$bbibmp15.200404.2.aa

