=LDR  01905cam a22005293  4500
=001  002508608
=003  Uk
=005  20221003124617.0
=008  890620s1927\\\\enk\\\\\|\\\\\|||\||eng\\
=019  x\$a2230780115
=040  \\$aUk$beng$cUk$erda
=041  1\$aeng$hheb
=130  0\$aMishnah.$pShabbat.$lEnglish
=245  10$aTractate Shabbath, Mishnah /$ctranslated ... with explanatory notes, by W. O. E. Oesterley.
=264  \1$aLondon :$bS.P.C.K.,$c1927.
=300  \\$axxvii, 84 pages ;$c(8º)
=336  \\$atext$2rdacontent
=337  \\$aunmediated$2rdamedia
=338  \\$avolume$2rdacarrier
=490  0\$a[Translations of Early Documents. ser. 3.]
=700  1\$aOesterley, W. O. E.$q(William Oscar Emil),$d1866-1950.
=710  2\$aSociety for Promoting Christian Knowledge (Great Britain)
=852  41$aBritish Library$bHMNTS$j03605.g.5/25.
=959  \\$fCurrently received
=985  \\$aCorrected by BSS-generated file for WR# 11/216
=985  \\$aEnhanced by MS generated file for WR# 12/139
=985  \\$aCorrected by MS generated file for WR# 1805-0738
=CAT  \\$aCONV$b00$c20040502$lBLL01$h0944
=CAT  \\$a12179$b40$c20090810$lBLL01$h1428
=CAT  \\$aBATCH-UPD$b40$c20090810$lBLL01$h1429
=CAT  \\$aBATCH$b00$c20091129$lBLL01$h0452
=CAT  \\$aBATCH$b00$c20091213$lBLL01$h2315
=CAT  \\$aBATCH$b00$c20100103$lBLL01$h1042
=CAT  \\$aBLSS-CORR$b00$c20120203$lBLL01$h1647
=CAT  \\$aWR12.139$b00$c20130502$lBLL01$h1725
=CAT  \\$a1805-0738$c20181102$lBLL01$h1754
=CAT  \\$a1805-0738$b00$c20181102$lBLL01$h1838
=CAT  \\$aW2001-2376$c20200529$lBLL01$h1903
=CAT  \\$a11837$b40$c20220808$lBLL01$h1150
=CAT  \\$a12654$b40$c20221003$lBLL01$h1246
=EST  \\$a1
=FIN  \\$aY
=FMT  \\$a  BK
=LAS  \\$a12654$b40$c20221003$lBLL01$h1246
=LEO  \\$aMP1.0002660949
=SRC  \\$aBLS01$bbibmp1.200404.2.ac
=TOC  \\$aETOC

