=LDR  01820cam a22005173  4500
=001  001705252
=003  Uk
=005  20220413082052.0
=006  m\\\\\\\\d\\\\\\\\
=007  cr\|||||||||||
=008  990305s1873\\\\gw\\\\\\\\\\\\|||\||ger\\
=019  x\$a1501140019
=040  \\$aUk$beng$cUk$erda
=100  1\$aHoffmann, David,$d1843-1921.
=245  10$aMar Samuel, Rector der jüdischen Akademie zu Nehardea in Babylonien /$cLebensbild eines talmudischen Weisen der ersten Hälfte des dritten Jahrhunderts.
=264  \1$aLeipzig,$c1873.
=300  \\$c(8º)
=336  \\$atext$2rdacontent
=337  \\$aunmediated$2rdamedia
=338  \\$avolume$2rdacarrier
=538  \\$aMode of access: World Wide Web.
=600  0\$aSamuel,$cof Nehardea,$dapproximately 177-257.
=650  \0$aAmoraim.
=650  \0$aJews$zBabylonia$xEducation.
=852  41$aBritish Library$bHMNTS$j4033.f.27.
=866  \0$x20220408
=883  0\$aLanguage codes assigned by Bayesian analysis of words present in record$d20181024$qUk$c0.997
=959  \\$fCurrently received
=985  \\$aCorrected by BSS-generated file for WR# 10/107
=985  \\$aCorrected by MS generated file for WR# 1805-0738
=CAT  \\$aCONV$b00$c20040502$lBLL01$h0926
=CAT  \\$aBATCH$b00$c20091128$lBLL01$h2307
=CAT  \\$aBLSS-CORR$b00$c20100917$lBLL01$h1641
=CAT  \\$a1805-0738$c20181012$lBLL01$h1815
=CAT  \\$a1805-0738$b00$c20181012$lBLL01$h1850
=CAT  \\$aW1903-1550$b00$c20190531$lBLL01$h1750
=CAT  \\$aW2001-2376$c20200515$lBLL01$h1928
=CAT  \\$a11837$b40$c20220408$lBLL01$h1051
=CAT  \\$a12654$b40$c20220413$lBLL01$h0820
=EST  \\$a1
=FIN  \\$aY
=FMT  \\$a  BK
=LAS  \\$a12654$b40$c20220413$lBLL01$h0820
=LEO  \\$aMP1.0001798162
=SRC  \\$aBLS01$bbibmp1.200404.2.ab
=TOC  \\$aETOC

