=LDR  02330cam a2200601 i 4500
=001  018411611
=003  Uk
=005  20220713121422.0
=008  170428s2017\\\\it\a\\\\\bc\\|0|0\0|eng\d
=020  \\$a9788897336600
=020  \\$a8897336604
=035  \\$a(OCoLC)988337169
=040  \\$aC3L$beng$cC3L$dUk$erda
=041  1\$aeng$hita
=042  \\$aukblsr
=043  \\$ae-it---
=050  \4$aND
=082  14$a759$214
=130  0\$aCollezione "Eugenio Balzan."$lEnglish.
=245  14$aThe Eugenio Balzan collection of 19th and 20th century Italian paintings /$c[edited by] Pier Luigi Bagatin and Chiara Gallian ; translations editor: Clarice Zdanski.
=264  \1$a[Treviso] :$bAntilia,$c[2017]
=300  \\$a145 pages :$billustrations (chiefly color) ;$c22 cm.
=336  \\$atext$2rdacontent
=336  \\$astill image$2rdacontent
=337  \\$aunmediated$2rdamedia
=338  \\$avolume$2rdacarrier
=490  0\$aPolesine da vedere series ;$v1
=500  \\$aCatalogue of the collection.
=500  \\$aE. Balzan (1874-1953), journalist, managing director and co-editor of newspaper Corriere della Sera.
=500  \\$aTranslated from the Italian.
=504  \\$aIncludes bibliographical references.
=600  10$aBalzan, Eugenio,$d1874-1953.
=600  10$aBalzan, Eugenio,$d1874-1953$xArt collections$vCatalogs.
=610  20$aInternational Balzan Foundation$vCatalogs.
=650  \0$aPainting, Italian$y19th century$xPrivate collections$zItaly$zBadia Polesine$vCatalogs.
=650  \0$aPainting, Italian$y20th century$xPrivate collections$zItaly$zBadia Polesine$vCatalogs.
=700  1\$aBagatin, Pier Luigi,$eeditor.
=700  1\$aGallian, Chiara,$eeditor.
=700  1\$aZdanski, Clarice,$etranslator,$eeditor.
=787  0\$tCollezione "Eugenio Balzan".$w()4131598$d[Treviso] : Antilia, [2017]$z9788897336594$nItalian ed. also available
=852  41$aBritish Library$bHMNTS$jYF.2022.a.13913
=959  \\$fCurrently received
=BUF  2\$aY2$d20170705
=CAT  \\$a5703$b40$c20170705$lBLL01$h1031
=CAT  \\$a8964$b40$c20220630$lBLL01$h1044
=CAT  \\$a12654$b40$c20220713$lBLL01$h1214
=CAT  \\$aW2308-1659$c20230923$lBLL01$h0933
=EST  \\$a1
=FIN  \\$aY$d20220630
=FMT  \\$a  BK
=LAS  \\$aW2308-1659$b00$c20230923$lBLL01$h0933
=SID  \\$aZ39$bOCLC
=TOC  \\$aETOC

