=LDR  02258cam a22005417i 4500
=001  018620510
=003  Uk
=005  20221231145437.0
=008  171124s2017\\\\fr\a\\\\\b\\\|0|0\0|fre\\
=040  \\$aUk$beng$cUk$erda
=245  04$aLes minima sociaux en Europe :$borientation actuelles et nouveaux défis /$cCoordonné par Jeanne Fagnani et Brigitte Lestrade.
=264  \1$aParis :$bLa Documentation française,$c[2017]
=300  \\$a249 pages :$billustrations (black and white) ;$c24 cm.
=336  \\$atext$2rdacontent
=337  \\$aunmediated$2rdamedia
=338  \\$avolume$2rdacarrier
=490  0\$aRevue française des Affaires sociales,$x0035-2985 ;$vno 3 (Juillet-Septembre 2017)
=504  \\$aIncludes bibliographical references.
=538  \\$aMode of access: World Wide Web.
=540  \\$aCurrent Copyright Fee: GBP25.00$c0$5Uk
=700  1\$aFagnani, Jeanne,$eeditor.
=700  1\$aLestrade, Brigitte,$eeditor.
=852  41$aBritish Library$bHMNTS$jP.511/1079.
=852  41$aBritish Library$bHMNTS$jS.E.302/3.
=852  41$aBritish Library$bDSC$j7902.250000
=959  \\$fCurrently received
=ACF  \\$aPrevious Copyright Fee: GBP15.00$c0$e01-jan-2017$fGBP15.00$g0$hA$5Uk
=ACF  \\$aPrevious Copyright Fee: GBP20.00$c0$e01-jan-2020$fGBP20.00$g0$hA$5Uk
=CAT  \\$a8411$b40$c20171124$lBLL01$h1201
=CAT  \\$aBATCH-CLA$b00$c20171125$lBLL01$h0116
=CAT  \\$a11070$b40$c20171206$lBLL01$h1148
=CAT  \\$aBATCH-CLA$b00$c20171207$lBLL01$h0128
=CAT  \\$aBATCH-CLA$b00$c20171222$lBLL01$h2222
=CAT  \\$aIPL-CLA$c20171231$lBLL01$h1835
=CAT  \\$aBATCH-CLA$b00$c20191219$lBLL01$h1805
=CAT  \\$aIPL-CLA$c20191231$lBLL01$h2045
=CAT  \\$aR2001-1524$c20200127$lBLL01$h2109
=CAT  \\$aBATCH-CLA$b00$c20200128$lBLL01$h0425
=CAT  \\$aBATCH-CLA$b00$c20201204$lBLL01$h1617
=CAT  \\$aIPL-CLA$c20201231$lBLL01$h1534
=CAT  \\$aBATCH-CLA$b00$c20221221$lBLL01$h1935
=CAT  \\$aIPL-CLA$c20221231$lBLL01$h1454
=CFI  0\$aCurrent Copyright Fee: GBP25.00$c0$e01-jan-2023$fGBP25.00$g0$hA$5Uk
=CFI  2\$aPrevious Copyright Fee: GBP22.50$c0$e01-jan-2021$fGBP22.50$g0$hA$5Uk
=EST  \\$a1
=FIN  \\$aY$d20171206
=FMT  \\$a  BK
=LAS  \\$aIPL-CLA$b00$c20221231$lBLL01$h1454

