=LDR  02268cam a2200469 i 4500
=001  019645174
=003  Uk
=005  20230428115750.0
=006  m\\\\\\\\d\\\\\\\\
=007  cr\|||||||||||
=008  191004s2019\\\\sz\\\\\\\\\\\\000\0\fre\d
=020  \\$a9782884744324
=020  \\$a2884744320
=035  \\$a(OCoLC)1124990176
=040  \\$aERASP$beng$cERASP$dQGK$dCHVBK$dOCLCO$dOCLCQ$dOCLCO$erda
=042  \\$aukblcatcopy
=050  \4$aPQ2637.I53$bF68 2019
=082  04$a840.71
=100  1\$aFourcaut, Laurent,$eauthor.
=245  10$aSimenon, pas de vie sans les livres /$cLaurent Fourcaut.
=264  \1$aGallion :$bInfolio Presto,$c[2019]
=300  \\$a59 pages :$billustrations ;$c17 cm
=336  \\$atext$btxt$2rdacontent
=337  \\$aunmediated$bn$2rdamedia
=338  \\$avolume$bnc$2rdacarrier
=490  1\$aPresto
=504  \\$aIncludes bibliographical references.
=520  8\$a"Georges Simenon a écrit 192 romans et près de 200 romans populaires publiés d'abord sous divers pseudonymes! Tous ces romans se réfèrent à des lieux que l'écrivain a connus, de Liège à Paris et sa banlieue, en passant par le Midi de la France, la Vendée, l'Afrique noire, l'Europe centrale et les Etats-Unis. Ce livre propose un parcours chronologique de cette oeuvre immense, constitué d'arrêts sur des romans - "Maigret" ou "romans durs" - se déroulant dans les lieux habités ou visités successivement par l'écrivain. Chaque roman choisi fait l'objet d'une présentation qui en renouvelle l'approche. Ainsi ce livre présente à la fois les grandes étapes de la vie hors du commun de Simenon en même temps que quelques-unes de ses oeuvres les plus représentatives de sa vision du monde et de son art".
=540  \\$aCurrent copyright fee: GBP$5Uk
=600  17$aSimenon, Georges$d1903-1989$2gnd
=830  \0$aPresto.
=852  41$aBritish Library$bHMNTS$jYF.2023.a.10312
=CAT  \\$a9518$b40$c20191213$lBLL01$h1417
=CAT  \\$a15066$b40$c20230425$lBLL01$h1451
=CAT  \\$a15066$b40$c20230428$lBLL01$h1157
=CAT  \\$aW2308-1659$c20230923$lBLL01$h0943
=EST  \\$a1
=FIN  \\$aY$d20230425
=FMT  \\$a  BK
=LAS  \\$aW2308-1659$b00$c20230923$lBLL01$h0943
=SID  \\$aZ39$bOCLC
=TOC  \\$aETOC

