=LDR  01838cam a2200529 i 4500
=001  020225037
=003  Uk
=005  20221003124819.0
=006  m\\\\\\\\d\\\\\\\\
=007  cr\|||||||||||
=008  210607s2021\\\\enkabf\\\b\\\\001|0beng|d
=015  \\$aGBC194826$2bnb
=016  7\$a020225037$2Uk
=020  \\$a9781350274365 (hbk.) :$c£35.00
=020  \\$z9781786730954$qepdf
=020  \\$z9781786720955$qebook
=040  \\$aStDuBDS$beng$cStDuBDS$dUk$erda
=042  \\$aukblcatcopy
=082  04$a954.552031092$223
=100  1\$aSheikh, Mohamed,$d1941-$eauthor.
=245  10$aEmperor of the five rivers :$bthe life and times of Maharajah Ranjit Singh /$cMohamed Sheikh.
=264  \1$aLondon :$bBloomsbury Academic,$c2021.
=300  \\$axx, 226 pages, 16 unnumbered pages of plates :$billustrations (colour), maps (colour) ;$c24 cm
=336  \\$atext$2rdacontent
=336  \\$astill image$2rdacontent
=336  \\$acartographic image$2rdacontent
=337  \\$aunmediated$2rdamedia
=338  \\$avolume$2rdacarrier
=500  \\$aFormerly CIP.$5Uk
=504  \\$aIncludes bibliographical references and index.
=530  \\$aAlso issued online.
=538  \\$aMode of access: World Wide Web.
=600  00$aRanjit Singh,$cMaharaja of the Punjab,$d1780-1839.
=650  \0$aSikhs$zIndia$vBiography.
=651  \0$aPunjab (India)$xKings and rulers$vBiography.
=852  41$aBritish Library$bHMNTS$jYKL.2022.a.20045
=959  \\$fCurrently received
=CAT  \\$aBATCH-CIPN$b00$c20210615$lBLL01$h1700
=CAT  \\$a6524$b40$c20211213$lBLL01$h0920
=CAT  \\$a14710$b40$c20220804$lBLL01$h1100
=CAT  \\$a15408$b40$c20220810$lBLL01$h1544
=CAT  \\$a12654$b40$c20221003$lBLL01$h1248
=EST  \\$a1
=FIN  \\$aY$d20220804
=FMT  \\$a  BK
=LAS  \\$a12654$b40$c20221003$lBLL01$h1248
=TOC  \\$aETOC

