=LDR  02623cam a2200673 i 4500
=001  020395099
=003  Uk
=005  20230911094016.0
=006  m\\\\\\\\d\\\\\\\\
=007  cr\|||||||||||
=008  211113t20222022gw\a\\\\\b\\\\001\0\ger\d
=016  7\$a1234579111$2DE-101
=020  \\$a9783110753400$qhardback
=020  \\$z9783110754230$qPDF
=020  \\$z9783110754278$qEPUB
=020  \\$a3110753405
=024  3\$a9783110753400
=035  \\$a(OCoLC)1285266686$z(OCoLC)1258217271$z(OCoLC)1285273720
=040  \\$aOHX$beng$cOHX$dERASA$dYDX$dCGU$dUIU$dOCLCF$dOCLCO$dCUY$dOCLCO$dSTF$dOCLCQ$dOCL$erda
=042  \\$aukblcatcopy
=050  \4$aPT7181$b.T465 2022
=072  \7$aPT$2lcco
=082  04$a839.5
=100  1\$aThoma, Sebastian,$eauthor.
=245  10$aUnmännlichkeit in den Isländersagas :$bzur narrativen Funktion von ergi und níð /$cSebastian Thoma.
=264  \1$aBerlin :$bDe Gruyter,$c[2022]
=300  \\$aviii, 320 pages :$billustrations ;$c25 cm
=336  \\$atext$btxt$2rdacontent
=336  \\$astill image$bsti$2rdacontent
=337  \\$aunmediated$bn$2rdamedia
=338  \\$avolume$bnc$2rdacarrier
=490  1\$aErgänzungsbände zum Reallexikon der Germanischen Altertumskunde,$x1866-7678 ;$vBand 128
=500  \\$aBased on the author's doctoral dissertation, 2020, Ludwig-Maximilians Universität München.
=504  \\$aIncludes bibliographical references (pages 302-318) and index.
=538  \\$aMode of access: World Wide Web.
=650  \0$aSagas$xHistory and criticism.
=650  \0$aSex role in literature.
=650  \0$aMasculinity in literature.
=650  \0$aIcelandic literature$xThemes, motives.
=650  \6$aSagas$xHistoire et critique.
=650  \6$aRôle selon le sexe dans la littérature.
=650  \6$aMasculinité dans la littérature.
=650  \6$aLittérature islandaise$xThèmes, motifs.
=650  \7$aSex role in literature.$2fast$0(OCoLC)fst01114649
=650  \7$aMasculinity in literature.$2fast$0(OCoLC)fst01011040
=650  \7$aSagas.$2fast$0(OCoLC)fst01103425
=655  \7$aCriticism, interpretation, etc.$2fast$0(OCoLC)fst01411635
=830  \0$aErgänzungsbände zum Reallexikon der germanischen Altertumskunde ;$vBd. 128.
=852  41$aBritish Library$bHMNTS$jYF.2023.a.21690
=959  \\$fCurrently received
=CAT  \\$a11029$b40$c20211117$lBLL01$h1026
=CAT  \\$a11029$b40$c20211117$lBLL01$h1027
=CAT  \\$a15066$b40$c20230911$lBLL01$h0940
=EST  \\$a1
=FIN  \\$aY$d20230911
=FMT  \\$a  BK
=LAS  \\$a15066$b40$c20230911$lBLL01$h0940
=SID  \\$aZ39$bOCLC
=TOC  \\$aETOC

