=LDR  01984 am a2200601 i 4500
=001  017504136
=003  Uk
=005  20180703175738.0
=006  m\\\\\\\\d\\\\\\\\
=007  cr\|||||||||||
=008  150130s2015\\\\enka\\\j\\\\\|0|0\1|eng\\
=015  \\$aGBB781260$2bnb
=016  \\$a017504136
=016  7\$a017504136$2Uk
=020  \\$a9781472358325 (set) :$c£9.99
=020  \\$a1472358325 (set) :$c£9.99
=040  \\$aUK-WkNB$beng$cUK-WkNB$dUk$erda
=042  \\$aukblsr
=082  04$a823.92$223
=245  00$aRobot rampage.
=264  \1$aBath :$bParragon Books,$c2015.
=300  \\$a24 unnumbered pages :$billustrations (colour) ;$c30 cm +$e1 DVD.
=336  \\$atext$2rdacontent
=337  \\$avideo$2rdamedia
=337  \\$aunmediated$2rdamedia
=338  \\$avideodisc$2rdacarrier
=338  \\$avolume$2rdacarrier
=490  0\$aTeenage Mutant Ninja Turtles
=500  \\$a"Nickelodeon"--Cover of book.
=500  \\$aBook and DVD in cardboard container.
=538  \\$aMode of access: World Wide Web.
=540  \\$aCurrent copyright fee: GBP$c2$5dUk
=650  \0$aTeenage Mutant Ninja Turtles (Fictitious characters)$vJuvenile fiction.
=710  2\$aNickelodeon (Firm)
=852  41$aBritish Library$bHMNTS$jEMC.2017.b.73
=959  \\$fCurrently received
=CAT  \\$aBATCH-CMLD$b00$c20150822$lBLL01$h1735
=CAT  \\$aBATCH-UPD$b00$c20150822$lBLL01$h1736
=CAT  \\$a11029$b40$c20160126$lBLL01$h1137
=CAT  \\$aWR14_128$c20160226$lBLL01$h1633
=CAT  \\$aWR16_021$c20160719$lBLL01$h1804
=CAT  \\$aBATCH-016$c20170430$lBLL01$h1639
=CAT  \\$a9666$b40$c20170510$lBLL01$h1404
=CAT  \\$a9666$b40$c20170510$lBLL01$h1407
=CAT  \\$aBATCH-016$c20170510$lBLL01$h2154
=CAT  \\$a8158$b40$c20170511$lBLL01$h1136
=CAT  \\$aW1806-2088$c20180703$lBLL01$h1757
=EST  \\$a1
=FIN  \\$aY$d20170510
=FMT  \\$a  BK
=LAS  \\$aW1806-2088$b00$c20180703$lBLL01$h1757
=SRC  \\$aNielsen Bookdata
=TOC  \\$aETOC

