=LDR  01881cam a2200541 i 4500
=001  019579480
=003  Uk
=005  20230623221746.0
=008  190815e201907\\cl\\\\\\\b\\\\000\0\spa\d
=010  \\$a2019449216  
=020  \\$a9789560011978
=035  \\$a(OCoLC)on1122566047
=040  \\$aZCU$beng$cZCU$dGZM$dEEM$dIXA$dCUY$dDLC$dUk$erda
=042  \\$aukblcatcopy
=043  \\$as-cl---
=050  00$aHD1333.C5$bV55 2019
=082  00$a333.318309047$223
=100  1\$aVillela, Hugo,$eauthor.
=245  10$aSaqueo y exterminio de la clase campesina chilena :$bla contra reforma agraria del régimen civil y militar, 1973-1976 /$cHugo Villela.
=250  \\$aPrimera edición.
=264  \1$aSantiago de Chile :$bLOM Ediciones,$cjulio 2019.
=300  \\$a172 pages ;$c21 cm.
=336  \\$atext$btxt$2rdacontent
=337  \\$aunmediated$bn$2rdamedia
=338  \\$avolume$bnc$2rdacarrier
=490  1\$aHistoria
=504  \\$aIncludes bibliographical references.
=540  \\$aCurrent copyright fee: GBP$5Uk
=650  \0$aLand reform$zChile$xHistory$y20th century.
=650  \0$aPeasants$zChile$xHistory$y20th century.
=690  7\$aManagement and Business Studies$2blcoll
=830  \0$aHistoria (LOM Ediciones)
=852  41$aBritish Library$bHMNTS$jYF.2023.a.13377
=985  \\$aUpgraded by BSS-generated file for WR2011-1472
=BUF  2\$aN2$d20191018
=CAT  \\$a11002$b40$c20191018$lBLL01$h1442
=CAT  \\$a11002$b40$c20191018$lBLL01$h1443
=CAT  \\$aW2011-1472$b00$c20201127$lBLL01$h1900
=CAT  \\$a15066$b40$c20230609$lBLL01$h1212
=CAT  \\$aBATCH-BUOC$b00$c20230615$lBLL01$h2115
=CAT  \\$aBATCH-UPD$b00$c20230615$lBLL01$h2132
=CAT  \\$aBATCH-MBS$c20230623$lBLL01$h2217
=EST  \\$a1
=FIN  \\$aY$d20230609
=FMT  \\$a  BK
=LAS  \\$aBATCH-MBS$b00$c20230623$lBLL01$h2217
=SID  \\$aZ39$bOCLC
=TOC  \\$aETOC

