=LDR  02765cam a2200601 i 4500
=001  019632765
=003  Uk
=005  20230421112915.0
=006  m\\\\\\\\d\\\\\\\\
=007  cr\|||||||||||
=008  190918s2019\\\\fr\acfh\\b\\\\001\0\fre\d
=020  \\$a9782753577282$q(paperback)
=020  \\$a2753577285
=035  \\$a(OCoLC)1120099172
=040  \\$aAUXAM$beng$cAUXAM$dZCU$dOCLCO$dERASP$dOCLCF$dJPG$dOCLCQ$dOCLCO$erda
=042  \\$aukblcatcopy
=050  \4$aN7475$b.A78 2019
=082  04$a070$a704
=245  02$aL'artiste en revues :$barts et discours en mode périodique /$csous la direction de Laurence Brogniez, Clément Dessy et Clara Sadoun-Édouard.
=264  \1$aRennes :$bPresses universitaires de Rennes,$c2019.
=300  \\$a498 pages, 16 pages of plates :$billustrations (some color), charts, facsimiles, portraits ;$c21 cm
=336  \\$atext$btxt$2rdacontent
=337  \\$aunmediated$bn$2rdamedia
=338  \\$avolume$bnc$2rdacarrier
=490  1\$aInterférences,$x0154-5604
=504  \\$aIncludes bibliographical references and index.
=520  8\$aArts et discours en mode périodique00Ce livre envisage le recours aux périodiques comme une porte ouverte sur le monde pour les artistes, l?accès à un espace de confrontations et d?influences multiples, en plaçant cette expérience en perspective avec l?œuvre artistique. Des figures notoires sont étudiées, aussi diverses qu?Honoré Daumier, Nadar, Auguste Rodin, Paul Gauguin, Jacques Copeau, Salvador Dalí ou Pierre Boulez, ainsi que des titres particuliers, comme L?Artiste, Musica, Valori Plastici ou Aspen.
=540  \\$aCurrent copyright fee: GBP$5Uk
=650  \7$aArt criticism.$2fast$0(OCoLC)fst00815492
=650  \7$aArts$xPress coverage.$2fast$0(OCoLC)fst00817794
=650  \7$aIllustrated periodicals.$2fast$0(OCoLC)fst00967402
=650  \0$aArt criticism$xHistory.
=650  \0$aArts$xPress coverage$xHistory.
=650  \0$aIllustrated periodicals$xHistory.
=650  \6$aCritique d'art$xHistoire.
=650  \6$aArts$xCouverture de presse$xHistoire.
=650  \6$aMagazines (Publications)$xHistoire.
=655  \7$aConference papers and proceedings.$2fast$0(OCoLC)fst01423772
=655  \7$aHistory.$2fast$0(OCoLC)fst01411628
=700  1\$aBrogniez, Laurence,$eeditor.
=700  1\$aDessy, Clément,$eeditor.
=700  1\$aSadoun-Édouard, Clara,$eeditor.
=830  \0$aInterférences.
=852  41$aBritish Library$bHMNTS$jYF.2023.a.10486
=959  \\$fCurrently received
=CAT  \\$a9518$b40$c20191203$lBLL01$h1636
=CAT  \\$a15066$b40$c20230421$lBLL01$h1129
=EST  \\$a1
=FIN  \\$aY$d20230421
=FMT  \\$a  BK
=LAS  \\$a15066$b40$c20230421$lBLL01$h1129
=SID  \\$aZ39$bOCLC
=TOC  \\$aETOC

