=LDR  02192cam a22006257i 4500
=001  017568818
=003  Uk
=005  20151016155141.0
=006  m\\\\\\\\d\\\\\\\\
=007  cr\|||||||||||
=008  140407s2014\\\\po\a\\\\\b\\\\001\0\por\d
=020  \\$a9789725655115
=020  \\$a9725655117
=035  \\$a(OCoLC)877110196
=040  \\$aC3L$beng$cC3L$dOCLCQ$dCHVBK$dHLS$dOCLCO$dOCLCF$dOCLCO$dUk$erda
=042  \\$aukblderived
=050  \4$aBM
=082  14$a296$214
=100  1\$aMucznik, Lúcia Liba.
=245  10$aJudaica nas coleções da Biblioteca Nacional de Portugal :$bséculos XIII a XVIII.
=260  \\$aLisboa :$bBiblioteca Nacional de Portugal,$c2014.
=300  \\$a179 pages :$billustrations ;$c22 cm.
=336  \\$atext$btxt$2rdacontent
=337  \\$aunmediated$bn$2rdamedia
=338  \\$avolume$bnc$2rdacarrier
=490  0\$aCatálogos
=504  \\$aIncludes bibliographical references and index.
=538  \\$aMode of access: World Wide Web.
=540  \\$aCurrent copyright fee: GBP$5Uk
=610  20$aBiblioteca Nacional (Portugal)$vCatalogs.
=610  27$aBiblioteca Nacional (Portugal)$2fast$0(OCoLC)fst00614380
=650  \7$aJudaika.$0(DE-588)4162795-7$2gnd
=650  \7$aJudentum.$0(DE-588)4114087-4$2gnd
=650  \0$aPrinting, Hebrew$vCatalogs.
=650  \0$aHebrew imprints$vCatalogs.
=650  \0$aJews$vBibliography.
=650  \7$aHebrew imprints.$2fast$0(OCoLC)fst00954186
=650  \7$aJews.$2fast$0(OCoLC)fst00983135
=650  \7$aPrinting, Hebrew.$2fast$0(OCoLC)fst01076787
=651  \7$aPortugal.$0(DE-588)4046843-4$2gnd
=655  \7$aBibliography.$2fast$0(OCoLC)fst01423717
=655  \7$aCatalogs.$2fast$0(OCoLC)fst01423692
=852  41$aBritish Library$bHMNTS$jYF.2015.a.21994
=959  \\$fCurrently received
=CAT  \\$a8764$b40$c20151006$lBLL01$h1149
=CAT  \\$a10904$b40$c20151016$lBLL01$h1311
=CAT  \\$a8158$b40$c20151016$lBLL01$h1551
=CAT  \\$aBATCH-UPD$b40$c20170304$lBLL01$h1308
=CAT  \\$aW2308-1659$c20230923$lBLL01$h1002
=EST  \\$a1
=FIN  \\$aY$d20151016
=FMT  \\$a  BK
=LAS  \\$aW2308-1659$b00$c20230923$lBLL01$h1002
=SID  \\$aZ39$bOCLC
=TOC  \\$aETOC

