=LDR  01297cas a2200397 i 4500
=001  017626702
=003  Uk
=005  20230925144645.0
=006  m\\\\\\\\d\\\\\\\\
=007  cr\|||||||||||
=008  151125c\\\\9999\\\\\\p\s\\\\\0\\\a0eng\\
=022  \\$y1569-9919
=245  00$aLinguistics in the Netherlands
=264  \1$aAmsterdam :$bJohn Benjamins$c[2016]
=336  \\$atext$2rdacontent
=337  \\$acomputer$2rdamedia
=338  \\$aonline resource$2rdacarrier
=538  \\$aMode of access: World Wide Web.
=540  \\$aCurrent copyright fee: GBP20.00$c78\0$5Uk
=852  \\$aBritish Library$bDSC$j5221.390000$3Volume 33(2016)-Volume 39(2022)
=945  \\$aLinguistics in the Netherlands
=959  \\$fHeld but not currently received
=CAT  \\$a12654$b40$c20151125$lBLL01$h0755
=CAT  \\$a12654$b40$c20151125$lBLL01$h0809
=CAT  \\$aBLDSS-3PM$b00$c20151201$lBLL01$h1133
=CAT  \\$aBATCH-UPD$b00$c20160524$lBLL01$h2301
=CAT  \\$aBATCH-UPD$b00$c20160525$lBLL01$h0656
=CAT  \\$a6558$b40$c20230925$lBLL01$h1446
=CFI  0\$aCurrent copyright fee: GBP20.00$c78\0$e20-nov-2015$fGBP20.00$g0$hP$5Uk
=EST  \\$a1
=FFP  \\$aY$bBLDSS-3PM
=FMT  \\$a  SE
=LAS  \\$a6558$b40$c20230925$lBLL01$h1446
=MNI  \\$a0929-7332
=TOC  \\$aETOC
=UNO  \\$aY

