=LDR  02857 am a2200697 i 4500
=001  018129431
=003  Uk
=005  20170427090254.0
=008  151214s2016\\\\sz\a\\\\\bc\\|000\0dita\d
=020  \\$a9788877137197
=020  \\$a8877137193
=035  \\$a(OCoLC)941807246
=040  \\$aC3L$beng$cC3L$dOCLCO$dZCU$dOCLCO$dOCLCF$dUk$erda
=042  \\$aukblsr
=043  \\$ae-sz---
=050  \4$aTR
=082  14$a779$214
=100  1\$aDonetta, Roberto,$d-1935,$ephotographer.
=245  10$aRoberto Donetta :$bfotografo /$ca cura di Gian Franco Ragno ; testi di Marco Franciolli [and four others].
=264  \1$aBellinzona :$bEdizioni Casagrande,$c[2016]
=300  \\$a221 pages :$billustrations ;$c25 cm
=336  \\$atext$btxt$2rdacontent
=336  \\$astill image$bsti$2rdacontent
=337  \\$aunmediated$bn$2rdamedia
=338  \\$avolume$bnc$2rdacarrier
=500  \\$aCatalog of an itinerant exhibition held at the Palazzo Reali, Lugano, Switzerland, November 20, 2015-March 20, 2016, and at the Fondazione svizzera per la fotografia, Winterthur, Switzerland, May 28-October 16, 2016.
=504  \\$aIncludes bibliographical references.
=540  \\$aCurrent copyright fee: GBP$5Uk
=600  10$aDonetta, Roberto,$d-1935$vExhibitions.
=600  17$aDonetta, Roberto,$d-1935$2fast$0(OCoLC)fst01816162
=648  \7$a1900-1999$2fast
=650  \0$aPortrait photography$zSwitzerland$zTicino$xHistory$y20th century$vExhibitions.
=650  \7$aManners and customs.$2fast$0(OCoLC)fst01007815
=650  \7$aPortrait photography.$2fast$0(OCoLC)fst01072259
=651  \0$aTicino (Switzerland)$xSocial life and customs$xPictorial works$vExhibitions.
=651  \7$aSwitzerland$zTicino.$2fast$0(OCoLC)fst01213204
=655  \7$aExhibition catalogs.$2fast$0(OCoLC)fst01424028
=655  \7$aExhibition, pictorial works.$2fast$0(OCoLC)fst01424187
=655  \7$aHistory.$22ast$0pOCoLC)fst01411628
=700  1\$aRagno, Gian Franco,$eeditor.
=700  1\$aFranciolli, Marco,$eeditor.
=710  2\$aStiftung für die Photographie (Switzerland)
=710  2\$aMuseo d'arte della Svizzera italiana.
=852  41$aBritish Library$bHMNTS$jYF.2017.a.11281
=CAT  \\$a10904$b40$c20161205$lBLL01$h0924
=CAT  \\$aBATCH-UPD$b40$c20161205$lBLL01$h0925
=CAT  \\$a14803$b40$c20170316$lBLL01$h1648
=CAT  \\$a14803$b40$c20170317$lBLL01$h0946
=CAT  \\$a14803$b40$c20170317$lBLL01$h0958
=CAT  \\$a14803$b40$c20170321$lBLL01$h1439
=CAT  \\$a5552$b40$c20170405$lBLL01$h1102
=CAT  \\$a14803$b40$c20170424$lBLL01$h1600
=CAT  \\$a14803$b40$c20170424$lBLL01$h1604
=CAT  \\$a14803$b40$c20170426$lBLL01$h1111
=CAT  \\$a8497$b40$c20170427$lBLL01$h0902
=EST  \\$a1
=FIN  \\$aY$d20170427
=FMT  \\$a  BK
=LAS  \\$a8497$b40$c20170427$lBLL01$h0902
=SID  \\$aZ39$bOCLC
=TOC  \\$aETOC

