=LDR  00848 am a22003135i 4500
=001  018225197
=003  Uk
=005  20171013150341.0
=006  m\\\\\\\\d\\\\\\\\
=007  cr\|||||||||||
=008  170214s1821\\\\ii\\\\\\\\\\\|0|0\0|ben\\
=040  \\$aUk$beng$cUk$erda
=041  \\$aben
=100  1\$aMay, Reverend R.,$eauthor.
=245  10$aaṅka pustaka /
=264  \1$aCalcutta :$bSchool-Press,$c1821.
=336  \\$atext$2rdacontent
=337  \\$aunmediated$2rdamedia
=338  \\$avolume$2rdacarrier
=500  \\$amath.
=852  41$aBritish Library$bOC$j279.42.k.26
=959  \\$fCurrently received
=CAT  \\$a14527$b40$c20170214$lBLL01$h1414
=CAT  \\$a14527$b40$c20170925$lBLL01$h1342
=CAT  \\$a14527$b40$c20171013$lBLL01$h1503
=EST  \\$a1
=FMT  \\$a  BK
=LAS  \\$a14527$b40$c20171013$lBLL01$h1503
=TOC  \\$aETOC

