=LDR  03010caa a22007097i 4500
=001  016437949
=003  Uk
=005  20230302181758.0
=006  m\\\\||\\d\|\\\\\\
=007  cr\|||||||||||
=008  130627s2013\\\\fr\\\\\\o\\\\|1|0\0|eng\\
=040  \\$aUk$beng$cUk$erda
=245  00$aRésumé de la 15e journée de réflexion de la SFED, 26 janvier 2013, Paris :$breport about 15th SFED's day of reflection, 26th January 2013.
=264  \1$aNancy :$bActa endoscopica,$c[2013]
=300  \\$a1 online resource (pages 214-223)
=336  \\$atext$2rdacontent
=337  \\$acomputer$2rdamedia
=338  \\$aonline resource$2rdacarrier
=490  0\$aActa endoscopia,$x0240-642X ,$vvol 43 no 4 2013
=540  \\$aCurrent Copyright Fee: GBP29.95$c0$5Uk
=591  \\$aReport.
=595  \\$aESTAR title.
=653  1\$aSFED
=710  2\$aSociété nationale française d'endoscopie digestive.
=773  0\$tActa endoscopica$gv. 43, no. 4 (June 2013)
=852  \\$aBritish Library$bDSC$j0614.620000
=945  \\$aActa endoscopia, ISSN 0240-642X ; vol 43 no 4 2013
=CAT  \\$a8342$b40$c20130627$lBLL01$h0956
=CAT  \\$aBATCH-CLA$b00$c20130702$lBLL01$h0203
=CAT  \\$aBATCH-CLA$b00$c20130703$lBLL01$h0039
=CAT  \\$aBATCH-UPD$b00$c20131119$lBLL01$h2047
=CAT  \\$aIPL-CLA$c20140101$lBLL01$h0212
=CAT  \\$aBATCH-CLA$b00$c20140103$lBLL01$h0101
=CAT  \\$aBATCH-CLA$b00$c20140125$lBLL01$h1300
=CAT  \\$aBATCH-CLA$c20140225$lBLL01$h2342
=CAT  \\$aBATCH-CLA$c20140226$lBLL01$h2046
=CAT  \\$aBATCH-CLA$c20140226$lBLL01$h2057
=CAT  \\$aBATCH-CLA$c20140226$lBLL01$h2059
=CAT  \\$aBATCH-CLA$c20140226$lBLL01$h2103
=CAT  \\$aBATCH-UPD$b00$c20140527$lBLL01$h2113
=CAT  \\$aBATCH-CLA$c20140528$lBLL01$h1816
=CAT  \\$aIPL-CLA$c20140630$lBLL01$h1800
=CAT  \\$aBLDSS-3PM$b00$c20150103$lBLL01$h1049
=CAT  \\$aBATCH-UPD$b00$c20150219$lBLL01$h1801
=CAT  \\$aBATCH-CLA$b00$c20150327$lBLL01$h0040
=CAT  \\$aDEL-3PM$c20150618$lBLL01$h1607
=CAT  \\$aBATCH-CLA$b00$c20150630$lBLL01$h1023
=CAT  \\$aIPL-CLA$c20150630$lBLL01$h1720
=CAT  \\$aW1607-1323$c20160726$lBLL01$h1340
=CAT  \\$aW1607-1323$c20160810$lBLL01$h1440
=CAT  \\$aBATCH-CLA$b00$c20160906$lBLL01$h0131
=CAT  \\$aBATCH-CLA$b00$c20221206$lBLL01$h1649
=CAT  \\$aIPL-CLA$c20221231$lBLL01$h1452
=CAT  \\$aBATCH-CLA$b00$c20230302$lBLL01$h1817
=CFI  0\$aCurrent Copyright Fee: GBP29.95$c0$e09-feb-2023$fGBP29.95$g0$hC$5Uk
=CNF  \\$aJournée de réflexion de la Société Nationale Française d'Endoscopie Digestive$n(15 :$d2013 Jan :$cParis)
=EST  \\$a1
=FIN  \\$aY$d20130627
=FMT  \\$a  BK
=LAS  \\$aBATCH-CLA$b00$c20230302$lBLL01$h1817
=LKR  \\$aANA$b013101338$lBLL01$nActa endoscopica$r773$y2013$v43$i4$mRésumé de la 15e journée de réflexion de la SFED, 26 janvier 2013, Paris : report about 15th SFED's day of reflection, 26th January 2013
=TCO  \\$aFRA$bCFC$c008

