=LDR  01708 am a2200505 i 4500
=001  016458516
=003  Uk
=005  20140227082531.0
=006  m\\\\\\\\d\\\\\\\\
=007  cr\|||||||||||
=008  130724s2013\\\\xxua\\\\\\\\\|001\0|eng\\
=015  \\$aGBB422075$2bnb
=016  7\$a016458516$2Uk
=020  \\$a9781587143854 (hardback)
=020  \\$a1587143852 (hardback)
=040  \\$aUk$beng$cUk$erda
=042  \\$aukblsr
=082  04$a004.6076$223
=100  1\$aOdom, Wendell,$eauthor.
=245  10$aCisco CCENT/CCNA ICND1 100-101 official cert guide /$cWendell Odom, CCIE No. 1624.
=264  \1$aIndianapolis, IN :$bCisco Press,$c[2013]
=300  \\$alvii, 899 pages :$billustrations (black and white) ;$c24 cm +$e1 DVD
=336  \\$atext$2rdacontent
=336  \\$astill image$2rdacontent
=336  \\$athree-dimensional moving image$2rdacontent
=337  \\$aunmediated$2rdamedia
=337  \\$avideo$2rdamedia
=338  \\$avolume$2rdacarrier
=500  \\$aIncludes index.
=538  \\$aMode of access: World Wide Web.
=540  \\$aCurrent copyright fee: GBP$5Uk
=650  \0$aComputer networks$xExaminations$vStudy guides.
=650  \0$aInternetworking (Telecommunication)$xExaminations$vStudy guides.
=650  \0$aElectronic data processing personnel$xCertification.
=852  41$aBritish Library$bHMNTS$jEMC.2014.a.103
=959  \\$fCurrently received
=CAT  \\$a5004$b40$c20130724$lBLL01$h1649
=CAT  \\$a10775$b40$c20140226$lBLL01$h1507
=CAT  \\$a8158$b40$c20140227$lBLL01$h0825
=CAT  \\$aWR16_021$c20160709$lBLL01$h1805
=EST  \\$a1
=FIN  \\$aY$d20140226
=FMT  \\$a  BK
=LAS  \\$aWR16_021$b00$c20160709$lBLL01$h1805
=TOC  \\$aETOC

