=LDR  03387 aa a22008057i 4500
=001  016553890
=003  Uk
=005  20210930152904.0
=006  m\\\\||\\d\|\\\\\\
=007  cr\|||||||||||
=008  131129s2010\\\\xxu\\\\\o\\\\|1|0\0|eng\\
=040  \\$aUk$beng$cUk$erda
=245  00$aSymposium on student life.
=264  \1$aNew York :$bSpringer,$c2010.
=300  \\$a1 online resource (pages 156-176)
=336  \\$atext$2rdacontent
=337  \\$acomputer$2rdamedia
=338  \\$aonline resource$2rdacarrier
=490  0\$aAcademic questions,$x0895-4852 ,$vvol 23 iss 2 2010
=540  \\$aCurrent Copyright Fee: GBP29.95$c0$5Uk
=591  \\$aPapers.
=595  \\$aESTAR title.
=653  1\$aStudent life
=773  0\$tAcademic questions$gv. 23, issue 2 (June 2010)
=852  41$aBritish Library$bDSC$j0570.514220
=945  \\$aAcademic questions, ISSN 0895-4852 ; vol 23 iss 2 2010
=ACF  \\$aPrevious copyright fee: GBP24.97$c22\8$e01-jan-2014$fGBP24.97$g0$hP$5Uk
=ACF  \\$aPrevious copyright fee: GBP24.21$c22\8$e01-jul-2014$fGBP24.21$g0$hP$5Uk
=ACF  \\$aPrevious copyright fee: GBP25.77$c22\8$e01-apr-2015$fGBP25.77$g0$hP$5Uk
=ACF  \\$aPrevious copyright fee: GBP26.63$c22\8$e01-jul-2015$fGBP26.63$g0$hP$5Uk
=ACF  \\$aPrevious copyright fee: GBP27.55$c22\8$e01-apr-2016$fGBP27.55$g0$hP$5Uk
=ACF  \\$aPrevious copyright fee: GBP29.59$c22\8$e01-oct-2016$fGBP29.59$g0$hP$5Uk
=ACF  \\$aPrevious copyright fee: GBP31.96$c22\8$e01-apr-2017$fGBP31.96$g0$hP$5Uk
=ACF  \\$aPrevious copyright fee: GBP30.73$c22\8$e01-oct-2017$fGBP30.73$g0$hP$5Uk
=CAT  \\$a6162$b40$c20131129$lBLL01$h1019
=CAT  \\$aIPL-CLA$c20150930$lBLL01$h1850
=CAT  \\$aBATCH-UPD$b00$c20160217$lBLL01$h1738
=CAT  \\$aIPL-CLA$c20160331$lBLL01$h1814
=CAT  \\$aBATCH-UPD$b00$c20160524$lBLL01$h2215
=CAT  \\$aBATCH-UPD$b00$c20160525$lBLL01$h0029
=CAT  \\$aBATCH-CLA$b00$c20160526$lBLL01$h0135
=CAT  \\$aW1607-1323$c20160726$lBLL01$h1340
=CAT  \\$aBATCH-CLA$b00$c20160727$lBLL01$h0131
=CAT  \\$aW1607-1323$c20160810$lBLL01$h1441
=CAT  \\$aBATCH-CLA$b00$c20160811$lBLL01$h0137
=CAT  \\$aBATCH-UPD$b00$c20160824$lBLL01$h1805
=CAT  \\$aIPL-CLA$c20160930$lBLL01$h1640
=CAT  \\$aBATCH-UPD$b00$c20170216$lBLL01$h1853
=CAT  \\$aIPL-CLA$c20170331$lBLL01$h1918
=CAT  \\$aBATCH-UPD$b00$c20170904$lBLL01$h1903
=CAT  \\$aIPL-CLA$c20170929$lBLL01$h1803
=CAT  \\$aBATCH-UPD$b00$c20180223$lBLL01$h1736
=CAT  \\$aIPL-CLA$c20180331$lBLL01$h1707
=CAT  \\$aBATCH-UPD$b00$c20180524$lBLL01$h1723
=CAT  \\$aIPL-CLA$c20180630$lBLL01$h1939
=CAT  \\$aBATCH-CLA$b00$c20210624$lBLL01$h0109
=CAT  \\$aDEL-3PM$c20210628$lBLL01$h1412
=CAT  \\$aBATCH-CLA$b00$c20210629$lBLL01$h0105
=CAT  \\$aBATCH-CLA$b00$c20210928$lBLL01$h1503
=CAT  \\$aIPL-CLA$c20210930$lBLL01$h1529
=CFI  0\$aCurrent Copyright Fee: GBP29.95$c0$e01-oct-2021$fGBP29.95$g0$hC$5Uk
=CFI  2\$aPrevious copyright fee: GBP22.50$c0$e24-jun-2021$fGBP22.50$g0$hA$5Uk
=CNF  \\$aStudent life (Written symposium)$d(2010)
=EST  \\$a1
=FIN  \\$aY$d20131129
=FMT  \\$a  BK
=LAS  \\$aIPL-CLA$b00$c20210930$lBLL01$h1529
=LKR  \\$aANA$b013817330$lBLL01$nAcademic questions$mSymposium on student life$r773$y2010$v23$i2
=TCO  \\$aTRS$bCCC$c008
=UNO  \\$aY

