=LDR  02904caa a22006857i 4500
=001  016629720
=003  Uk
=005  20221231145229.0
=008  140212s2014\\\\ja\\\\\\\\\\\\100\0\jpn\\
=040  \\$aUk$beng$cUk$erda
=245  00$a69th annual meeting of the Japanese Association of Strabismus and Amblyopia.
=264  \1$a[Tokyo] :$bGanka rinsho kiyokai,$c[2014]
=300  \\$aPages 21-61
=336  \\$atext$2rdacontent
=337  \\$aunmediated$2rdamedia
=338  \\$avolume$2rdacarrier
=490  0\$aGanka rinsho kiyo,$x1882-5176 ,$vvol 7 no 1 2014
=540  \\$aCurrent Copyright Fee: GBP25.00$c0$5Uk
=546  \\$aText in Japanese.
=591  \\$aSelected papers and programme.
=595  \\$aESTAR title.
=653  1\$aStrabismus
=653  1\$aAmblyopia
=710  2\$aJapanese Association of Strabismus and Amblyopia.
=773  0\$tGanka rinsho kiyo$gv. 7, no. 1 (2014)
=852  41$aBritish Library$bDSC$j4069.290000
=945  \\$aGanka rinsho kiyo, ISSN 1882-5176 ; vol 7 no 1 2014
=ACF  \\$aPrevious Copyright Fee: GBP12.30$c0$e01-jan-2014$fGBP12.30$g0$hA$5Uk
=ACF  \\$aPrevious Copyright Fee: GBP15.00$c0$e01-jan-2017$fGBP15.00$g0$hA$5Uk
=ACF  \\$aPrevious Copyright Fee: GBP20.00$c0$e01-jan-2020$fGBP20.00$g0$hA$5Uk
=CAT  \\$a10934$b40$c20140212$lBLL01$h1439
=CAT  \\$aBATCH-CLA$b00$c20140213$lBLL01$h0035
=CAT  \\$aBATCH-CLA$c20140226$lBLL01$h2048
=CAT  \\$aBATCH-CLA$c20140226$lBLL01$h2058
=CAT  \\$aBATCH-CLA$c20140226$lBLL01$h2059
=CAT  \\$aBATCH-CLA$c20140226$lBLL01$h2103
=CAT  \\$aW1607-1323$c20160726$lBLL01$h1340
=CAT  \\$aBATCH-CLA$b00$c20160727$lBLL01$h0131
=CAT  \\$aW1607-1323$c20160810$lBLL01$h1441
=CAT  \\$aBATCH-CLA$b00$c20160811$lBLL01$h0137
=CAT  \\$aBATCH-CLA$b00$c20161222$lBLL01$h1838
=CAT  \\$aIPL-CLA$c20161231$lBLL01$h0016
=CAT  \\$aBATCH-CLA$b00$c20171222$lBLL01$h2216
=CAT  \\$aIPL-CLA$c20171231$lBLL01$h1823
=CAT  \\$aBATCH-CLA$b00$c20191219$lBLL01$h1800
=CAT  \\$aIPL-CLA$c20191231$lBLL01$h2037
=CAT  \\$aR2001-1524$c20200127$lBLL01$h2102
=CAT  \\$aBATCH-CLA$b00$c20200128$lBLL01$h0454
=CAT  \\$aBATCH-CLA$b00$c20201204$lBLL01$h1612
=CAT  \\$aIPL-CLA$c20201231$lBLL01$h1532
=CAT  \\$aBATCH-CLA$b00$c20221221$lBLL01$h1929
=CAT  \\$aIPL-CLA$c20221231$lBLL01$h1452
=CFI  0\$aCurrent Copyright Fee: GBP25.00$c0$e01-jan-2023$fGBP25.00$g0$hA$5Uk
=CFI  2\$aPrevious Copyright Fee: GBP22.50$c0$e01-jan-2021$fGBP22.50$g0$hA$5Uk
=CNF  \\$aJapanese Association of Strabismus and Amblyopia (Annual meeting)$n(69th :$d2013 Jul :$cHiroshima, Japan)
=EST  \\$a1
=FIN  \\$aY$d20140212
=FMT  \\$a  BK
=LAS  \\$aIPL-CLA$b00$c20221231$lBLL01$h1452
=LKR  \\$aANA$b014859986$lBLL01$nGanka rinsho kiyo$m69th annual meeting of the Japanese Association of Strabismus and Amblyopia$r773$y2014$v7$i1

