=LDR  03794cas a2200865 a 4500
=001  016633199
=003  Uk
=005  20230511163100.0
=006  m\\\\\o\\d\\\\\\\\
=007  cr\bn||||abp||
=007  cr\bn||||ada||
=008  110717c19479999pl\br\p\o\\\\\0\\\b0pol\d
=035  \\$a(OCoLC)741478933
=040  \\$aOCLCE$beng$cOCLCE$dOCLCQ$dUk
=041  0\$apol$aeng$beng$feng$frus
=042  \\$aukblsr
=060  \4$aW1$bOT515
=082  04$a617.51$223
=130  0\$aOtolaryngologia Polska (Online)
=245  10$aOtolaryngologia Polska$h[electronic resource] :$bPolish otolaryngology.
=246  31$aPolish Otolaryngology.$f1947-52
=246  31$aJournal of Polish otolaryngology$f<1982->
=260  \\$aWarszawa :$bPaństwowy Zakład Wydawn. Lekarskich
=264  \1$aWarsaw :$bElsevier
=300  \\$bill., ports.
=310  \\$aBimonthly
=336  \\$atext$2rdacontent
=337  \\$acomputer$2rdamedia
=338  \\$aonline resource$2rdacarrier
=362  0\$ar. 1- 1947-
=510  2\$aChemical abstracts,$x0009-2258,$b1947-1983
=540  \\$aBritish Library not licensed to copy$c0$5Uk
=546  \\$aIn Polish or English; summaries in English and Russian; table of contents in English (also in Russian, 1952- ).
=550  \\$aOrgan of the Kliniki Otolaryngologiczne Uniwersytetów Polskich, the Akademia Lekarska w Gdańsku, and the Polskie Towarzystwo Otolaryngologiczne, 1947-49; organ of the Kliniki Otolaryngologiczne Akademii Medycznych Polskich and the Polskie Towarzystwo Otolaryngologiczne, 1950-.
=588  \\$aDescription based on: print version record.
=588  \\$aLatest issue consulted: volume 68, issue 3 (May/June 2014) (ScienceDirect, viewed May 20, 2014).
=650  \2$aOtolaryngology$vPeriodicals.
=776  08$iAlso issued in print as:$tOtolaryngologia Polska$x0030-6657
=852  41$aBritish Library$bDSC$j6313.500000$3Volume 68:Issue 1(2014)-Volume 68:Issue 6(2014)***See ESTAR for full holdings.
=945  \\$aOtolaryngologia Polska.
=959  \\$fHeld but not currently received
=985  \\$aUpgraded by BSS-generated file for WR2011-1473
=ACF  \\$aPrevious Copyright Fee: GBP15.00$c0$e01-jan-2017$fGBP15.00$g0$hA$5Uk
=ACF  \\$aPrevious copyright fee: GBP22.50$c5\1$e19-feb-2014$fGBP22.50$g0$hP$5Uk
=ACF  \\$aPrevious Copyright Fee: GBP12.30$c0$e17-jun-2016$fGBP12.30$g0$hA$5Uk
=CAT  \\$a12654$b40$c20140219$lBLL01$h1201
=CAT  \\$a12654$b40$c20140219$lBLL01$h1212
=CAT  \\$a8124$b40$c20140520$lBLL01$h1453
=CAT  \\$a8124$b40$c20140520$lBLL01$h1454
=CAT  \\$a8124$b40$c20140520$lBLL01$h1557
=CAT  \\$aBLDSS-3PM$b00$c20141222$lBLL01$h1721
=CAT  \\$aCDS15-UPD$b40$c20150313$lBLL01$h1911
=CAT  \\$a5552$b40$c20160617$lBLL01$h1409
=CAT  \\$aDEL-3PM$c20160627$lBLL01$h1531
=CAT  \\$aBATCH-CLA$b00$c20161222$lBLL01$h1838
=CAT  \\$aIPL-CLA$c20161231$lBLL01$h0016
=CAT  \\$aBATCH-CLA$b00$c20171222$lBLL01$h2216
=CAT  \\$aIPL-CLA$c20171231$lBLL01$h1823
=CAT  \\$a12654$b40$c20190520$lBLL01$h1232
=CAT  \\$a12654$b40$c20190520$lBLL01$h1236
=CAT  \\$a5552$b40$c20190607$lBLL01$h1034
=CAT  \\$a5410$b40$c20200828$lBLL01$h1611
=CAT  \\$a5410$b40$c20200831$lBLL01$h1519
=CAT  \\$aW2011-1473$b00$c20201124$lBLL01$h1904
=CAT  \\$aBATCH-FIX$c20230511$lBLL01$h1631
=CFI  0\$aBritish Library not licensed to copy$c0$e20-may-2019$hC$iTX$5Uk
=CFI  2\$aPrevious Copyright Fee: GBP17.50$c0$e01-jan-2018$fGBP17.50$g0$hA$5Uk
=EST  \\$a1
=FIN  \\$aY$d20140520
=FMT  \\$a  SE
=LAS  \\$aBATCH-FIX$b00$c20230511$lBLL01$h1631
=LKR  \\$aPAR$b009547253$lBLL01$nOtolaryngologia Polska (Print)$mOtolaryngologia Polska (Online)$r776
=MNI  \\$a0030-6657
=SID  \\$aZ39$bOCLC
=TOC  \\$aETOC

