=LDR  03161caa a22007337i 4500
=001  016637468
=003  Uk
=005  20230302181856.0
=006  m\\\\||\\d\|\\\\\\
=007  cr\|||||||||||
=008  140227s2013\\\\ne\\\\\\o\\\\|1|0\0|eng\\
=040  \\$aUk$beng$cUk$erda
=245  00$aProceedings of the 2012 University of California Center for Laboratory Safety workshop.
=264  \1$aAmsterdam :$bElsevier,$c[2013]
=300  \\$a1 online resource (pages 4-17)
=336  \\$atext$2rdacontent
=337  \\$acomputer$2rdamedia
=338  \\$aonline resource$2rdacarrier
=490  0\$aJournal of chemical health & safety,$x1871-5532 ,$vvol 20 issue 1 2013
=540  \\$aCurrent Copyright Fee: GBP34.00$c0$5Uk
=591  \\$aAbstracts and report.
=595  \\$aESTAR title.
=653  1\$aLaboratory safety
=710  2\$aUniversity of California Center for Laboratory Safety.
=773  0\$tJournal of chemical health & safety$gv. 20, issue 1 (January-February 2013)
=852  \\$aBritish Library$bDSC$j4956.730000
=945  \\$aJournal of chemical health & safety, ISSN 1871-5532 ; vol 20 issue 1 2013
=ACF  \\$aPrevious Copyright Fee: GBP20.00$c0$e01-jan-2020$fGBP20.00$g0$hA$5Uk
=ACF  \\$aPrevious Copyright Fee: GBP23.40$c0$e01-apr-2020$fGBP23.40$g0$hC$5Uk
=CAT  \\$a10997$b40$c20140227$lBLL01$h1346
=CAT  \\$aBATCH-CLA$b00$c20140228$lBLL01$h0039
=CAT  \\$aBLDSS-3PM$b00$c20141222$lBLL01$h1721
=CAT  \\$aBATCH-CLA$b00$c20141223$lBLL01$h0108
=CAT  \\$aW1607-1323$c20160726$lBLL01$h1340
=CAT  \\$aBATCH-UPD$b00$c20160726$lBLL01$h1349
=CAT  \\$aBATCH-CLA$b00$c20160727$lBLL01$h0131
=CAT  \\$aW1607-1323$c20160810$lBLL01$h1441
=CAT  \\$aBATCH-CLA$b00$c20160811$lBLL01$h0137
=CAT  \\$aBATCH-UPD$b00$c20171121$lBLL01$h1755
=CAT  \\$aBATCH-CLA$b00$c20171122$lBLL01$h0201
=CAT  \\$aIPL-CLA$c20171231$lBLL01$h1823
=CAT  \\$aBATCH-UPD$b00$c20190521$lBLL01$h1446
=CAT  \\$aBATCH-CLA$b00$c20190522$lBLL01$h0227
=CAT  \\$aBATCH-CLA$b00$c20190522$lBLL01$h0242
=CAT  \\$aIPL-CLA$c20190630$lBLL01$h1548
=CAT  \\$aBATCH-CLA$b00$c20191130$lBLL01$h0105
=CAT  \\$aIPL-CLA$c20191231$lBLL01$h2037
=CAT  \\$aDEL-3PM$c20200108$lBLL01$h0853
=CAT  \\$aBATCH-CLA$b00$c20200109$lBLL01$h0105
=CAT  \\$aBATCH-CLA$b00$c20200325$lBLL01$h1254
=CAT  \\$aIPL-CLA$c20200331$lBLL01$h1630
=CAT  \\$aBATCH-CLA$b00$c20210328$lBLL01$h1328
=CAT  \\$aIPL-CLA$c20210331$lBLL01$h1703
=CAT  \\$aBATCH-CLA$b00$c20221206$lBLL01$h1804
=CAT  \\$aIPL-CLA$c20221231$lBLL01$h1452
=CAT  \\$aBATCH-CLA$b00$c20230302$lBLL01$h1818
=CFI  0\$aCurrent Copyright Fee: GBP34.00$c0$e09-feb-2023$fGBP34.00$g0$hC$5Uk
=CNF  \\$aUniversity of California Center for Laboratory Safety workshop$d(2012 Mar :$cIrvine, CA)
=EST  \\$a1
=FIN  \\$aY$d20140227
=FMT  \\$a  BK
=LAS  \\$aBATCH-CLA$b00$c20230302$lBLL01$h1818
=LKR  \\$aANA$b013417534$lBLL01$nJournal of chemical health & safety$mProceedings of the 2012 University of California Center for Laboratory Safety workshop$r773$y2013$v20$i1
=TCO  \\$aTRS$bCCC$c008

