=LDR  01766caa a22004457i 4500
=001  016776858
=003  Uk
=005  20140709093409.0
=006  m\\\\||\\d\|\\\\\\
=007  cr\|||||||||||
=008  140709s2014\\\\xxu\\\\\o\\\\|1|0\0|eng\\
=040  \\$aUk$beng$cUk$erda
=245  00$aSymposium on white collar crime.
=264  \1$aNotre Dame, Indiana :$bNotre Dame Law School,$c[2014]
=300  \\$a1 online resource (pages 433-578)
=336  \\$atext$2rdacontent
=337  \\$acomputer$2rdamedia
=338  \\$aonline resource$2rdacarrier
=490  0\$aNotre Dame journal of law ethics and public policy,$x0883-3648 ,$vvol 28 no 2 2014
=540  \\$aBritish Library not licensed to copy$c0$5Uk
=591  \\$aPapers.
=595  \\$aESTAR title.
=653  1\$aWhite collar crime
=653  1\$aCrime
=773  0\$tNotre Dame journal of law, ethics & public policy$gv. 28, issue no. 2 (2014)
=852  41$aBritish Library$bDSC$j6175.405000
=945  \\$aNotre Dame journal of law ethics and public policy, ISSN 0883-3648 ; vol 28 no 2 2014
=CAT  \\$a10934$b40$c20140709$lBLL01$h0934
=CAT  \\$aBATCH-CLA$b00$c20140710$lBLL01$h0037
=CAT  \\$aW1607-1323$c20160726$lBLL01$h1341
=CAT  \\$aBATCH-CLA$b00$c20160727$lBLL01$h0131
=CAT  \\$aW1607-1323$c20160810$lBLL01$h1441
=CAT  \\$aBATCH-CLA$b00$c20160811$lBLL01$h0136
=CFI  0\$aBritish Library not licensed to copy$c0$e01-jul-2014$hC$iCFP Excluded$5Uk
=CNF  \\$aWhite collar crime (Symposium)$d(2014 Mar :$cNotre Dame, IN)
=EST  \\$a1
=FIN  \\$aY$d20140709
=FMT  \\$a  BK
=LAS  \\$aBATCH-CLA$b00$c20160811$lBLL01$h0136
=LKR  \\$aANA$b007175578$lBLL01$nNotre Dame journal of law, ethics & public policy$mSymposium on white collar crime$r773$y2014$v28$i2

