=LDR  03021caa a22006977i 4500
=001  016797370
=003  Uk
=005  20230302181930.0
=006  m\\\\||\\d\|\\\\\\
=007  cr\|||||||||||
=008  140724s2008\\\\ne\\\\\\o\\\\|1|0\0|eng\\
=040  \\$aUk$beng$cUk$erda
=245  00$aSpecial issue of the sixteenth Australasian workshop on combinatorial algorithms (AWOCA 2005) :$bSeptember 18-21, 2005, Ballarat, Australia /$ceditors, Costas Iliopoulos and Mirka Miller
=264  \1$aAmsterdam :$bElsevier,$c[2008]
=300  \\$a1 online resource (pages 1-161)
=336  \\$atext$2rdacontent
=337  \\$acomputer$2rdamedia
=338  \\$aonline resource$2rdacarrier
=490  0\$aJournal of discrete algorithms -Elsevier,$x1570-8667 ,$vvol 6 issue 1 2008
=540  \\$aCurrent Copyright Fee: GBP34.00$c0$5Uk
=591  \\$aSelected papers.
=595  \\$aESTAR title.
=653  1\$aAWOCA
=653  1\$aCombinatorial algorithms
=653  1\$aAlgorithms
=700  1\$aIliopoulos, Costas S.,$eeditor.
=700  1\$aMiller, Mirka,$d1949-$eeditor.
=773  0\$tJournal of discrete algorithms$gv. 6 issue 1 (March 2008)
=852  41$aBritish Library$bDSC$j4969.720000
=945  \\$aJournal of discrete algorithms -Elsevier, ISSN 1570-8667 ; vol 6 issue 1 2008
=ACF  \\$aPrevious copyright fee: GBP17.50$c0$e01-jan-2019$fGBP17.50$g0$hA$5Uk
=ACF  \\$aPrevious Copyright Fee: GBP23.40$c0$e01-apr-2019$fGBP23.40$g0$hC$5Uk
=CAT  \\$a10997$b40$c20140724$lBLL01$h1014
=CAT  \\$aBATCH-CLA$b00$c20140725$lBLL01$h0045
=CAT  \\$aBLDSS-3PM$b00$c20141222$lBLL01$h1721
=CAT  \\$aW1607-1323$c20160726$lBLL01$h1341
=CAT  \\$aBATCH-UPD$b00$c20160726$lBLL01$h1352
=CAT  \\$aBATCH-CLA$b00$c20160727$lBLL01$h0131
=CAT  \\$aW1607-1323$c20160810$lBLL01$h1441
=CAT  \\$aBATCH-CLA$b00$c20160811$lBLL01$h0136
=CAT  \\$aBATCH-UPD$b00$c20171121$lBLL01$h1755
=CAT  \\$aIPL-CLA$c20171231$lBLL01$h1825
=CAT  \\$aBATCH-CLA$b00$c20181017$lBLL01$h0152
=CAT  \\$aIPL-CLA$c20181231$lBLL01$h1554
=CAT  \\$aDEL-3PM$c20190115$lBLL01$h1428
=CAT  \\$aBATCH-CLA$b00$c20190116$lBLL01$h0140
=CAT  \\$aBATCH-CLA$b00$c20190321$lBLL01$h1902
=CAT  \\$aIPL-CLA$c20190331$lBLL01$h1732
=CAT  \\$aBATCH-CLA$b00$c20210328$lBLL01$h1253
=CAT  \\$aIPL-CLA$c20210331$lBLL01$h1703
=CAT  \\$aBATCH-CLA$b00$c20221206$lBLL01$h1631
=CAT  \\$aIPL-CLA$c20221231$lBLL01$h1452
=CAT  \\$aBATCH-CLA$b00$c20230302$lBLL01$h1819
=CFI  0\$aCurrent Copyright Fee: GBP34.00$c0$e09-feb-2023$fGBP34.00$g0$hC$5Uk
=CNF  \\$aAustralasian workshop on combinatorial algorithms$n(16th :$d2005 Sep :$cBallarat, Australia)
=EST  \\$a1
=FIN  \\$aY$d20140724
=FMT  \\$a  BK
=LAS  \\$aBATCH-CLA$b00$c20230302$lBLL01$h1819
=LKR  \\$aANA$b012433793$lBLL01$nJournal of discrete algorithms$mSpecial issue of the sixteenth Australasian workshop on combinatorial algorithms (AWOCA 2005)$r773$y2008$v6$i1
=TCO  \\$aCLA$bCLA$c008

