=LDR  03151 aa a22007817i 4500
=001  016829006
=003  Uk
=005  20200716010509.0
=006  m\\\\||\\d\|\\\\\\
=007  cr\|||||||||||
=008  140819s2010\\\\xxu\\\\\o\\\\|1|0\0|eng\\
=040  \\$aUk$beng$cUk$erda
=245  00$aASNE fleet maintenance and modernization symposium 2010.
=264  \1$aHoboken NJ :$bWiley,$c2010.
=300  \\$a1 online resource (pages 17-141)
=336  \\$atext$2rdacontent
=337  \\$acomputer$2rdamedia
=338  \\$aonline resource$2rdacarrier
=490  0\$aNaval engineers journal,$x0028-1425 ,$vvol 122 no 4 2010
=540  \\$aBritish Library not licensed to copy$c0$5Uk
=591  \\$aSelected papers. Also known as FMMS 2010.
=595  \\$aESTAR title.
=653  1\$aFleet maintenance
=653  1\$aFleet modernization
=653  1\$aFMMS
=653  1\$aASNE
=653  1\$aNaval engineers
=710  2\$aAmerican Society of Naval Engineers.
=773  0\$tNaval engineers journal$gv. 122, issue 4 (December 2010)
=852  41$aBritish Library$bDSC$j6064.200000
=945  \\$aNaval engineers journal, ISSN 0028-1425 ; vol 122 no 4 2010
=ACF  \\$aPrevious copyright fee: GBP17.50$c0$e09-nov-2018$fGBP17.50$g0$hA$5Uk
=ACF  \\$aPrevious Copyright Fee: GBP24.00$c0$e01-jan-2019$fGBP24.00$g0$hC$5Uk
=CAT  \\$a6162$b40$c20140819$lBLL01$h1456
=CAT  \\$aBLDSS-3PM$b00$c20141214$lBLL01$h1528
=CAT  \\$aBATCH-UPD$b00$c20150215$lBLL01$h1640
=CAT  \\$aIPL-CLA$c20150228$lBLL01$h2059
=CAT  \\$aW1607-1323$c20160726$lBLL01$h1341
=CAT  \\$aBATCH-UPD$b00$c20160726$lBLL01$h1353
=CAT  \\$aBATCH-CLA$b00$c20160727$lBLL01$h0131
=CAT  \\$aW1607-1323$c20160810$lBLL01$h1441
=CAT  \\$aBATCH-CLA$b00$c20160811$lBLL01$h0137
=CAT  \\$aW1703-0316$c20170306$lBLL01$h1828
=CAT  \\$aW1703-0316$c20170307$lBLL01$h1651
=CAT  \\$aIPL-CLA$c20170307$lBLL01$h1825
=CAT  \\$aBATCH-UPD$b00$c20180219$lBLL01$h1757
=CAT  \\$aBATCH-CLA$b00$c20181110$lBLL01$h0120
=CAT  \\$aDEL-3PM$c20181123$lBLL01$h1543
=CAT  \\$aBATCH-CLA$b00$c20181124$lBLL01$h0113
=CAT  \\$aBATCH-CLA$b00$c20181221$lBLL01$h1533
=CAT  \\$aIPL-CLA$c20181231$lBLL01$h1554
=CAT  \\$aBATCH-CLA$b00$c20190321$lBLL01$h1906
=CAT  \\$aIPL-CLA$c20190331$lBLL01$h1732
=CAT  \\$aBATCH-CLA$b00$c20190621$lBLL01$h1543
=CAT  \\$aIPL-CLA$c20190630$lBLL01$h1548
=CAT  \\$aBATCH-CLA$b00$c20200128$lBLL01$h0531
=CAT  \\$aBATCH-CLA$b00$c20200214$lBLL01$h0103
=CAT  \\$a5552$b40$c20200715$lBLL01$h1122
=CAT  \\$aBATCH-CLA$b00$c20200716$lBLL01$h0105
=CFI  0\$aBritish Library not licensed to copy$c0$e01-jul-2019$hC$iCFP Excluded$5Uk
=CNF  \\$aAmerican Society of Naval Engineers fleet maintenance and modernization (Symposium)$d(2010 Sep :$cVirginia Beach, VA)
=EST  \\$a1
=FIN  \\$aY$d20140819
=FMT  \\$a  BK
=LAS  \\$aBATCH-CLA$b00$c20200716$lBLL01$h0105
=LKR  \\$aANA$b015828424$lBLL01$nNaval engineers journal$mASNE fleet maintenance and modernization symposium 2010$r773$y2010$v122$i4
=TCO  \\$aTRS$bCCC$c008
=UNO  \\$aY

