=LDR  01445 as a2200457 i 4500
=001  016969126
=003  Uk
=005  20170203113508.0
=006  m\\\\\\\\d\\\\\\\\
=007  ta
=008  141205c20149999enktr\p\\\\\\\0\\\a0eng\\
=015  \\$aGBB524882$2bnb
=022  \\$a2057-5181$202
=040  \\$aUk$beng$cUk$erda
=042  \\$aissnuk$aukblsr
=082  04$a796.8153$223
=222  \0$aKarateka$b(Herne Bay)
=245  00$aKarateka.
=264  \1$aHerne Bay :$bKent Karate Schools (Tsuyoi Ryu),$c2015-
=300  \\$billustrations (colour) ;$c30 cm
=310  \\$aThree times a year
=336  \\$atext$2rdacontent
=337  \\$aunmediated$2rdamedia
=338  \\$avolume$2rdacarrier
=362  0\$aIssue 1 (winter 2015)-
=538  \\$aMode of access: World Wide Web.
=540  \\$aCurrent copyright fee: GBP$5Uk
=550  \\$aThe official magazine of the Kent Karate Schools.
=610  20$aKent Karate Schools (Organization)$vPeriodicals.
=650  \0$aKarate$zEngland$zKent$vPeriodicals.
=710  2\$aKent Karate Schools (Organization),$eissuing body.
=852  41$aBritish Library$bHMNTS$jZK.9.b.35208$3Issue 1 (Winter 2015)
=959  \\$fCurrently received
=CAT  \\$a11315$b40$c20141205$lBLL01$h1138
=CAT  \\$a5997$b40$c20150225$lBLL01$h0802
=CAT  \\$a11315$b40$c20170203$lBLL01$h1135
=EST  \\$a1
=FIN  \\$aY$d20150225
=FMT  \\$a  SE
=LAS  \\$a11315$b40$c20170203$lBLL01$h1135
=TOC  \\$aETOC

