=LDR  01179 am a22003857i 4500
=001  017020757
=003  Uk
=005  20150122090650.0
=006  m\\\\\\\\d\\\\\\\\
=007  cr\|||||||||||
=008  150121s2015\\\\enka\\\j\\\\\|0|0\||eng\\
=016  7\$a017020757$2Uk
=020  \\$a9781848958418 (paperback)
=040  \\$aUk$beng$cUk$erda
=245  00$aFirst words and more sticker activities.
=264  \1$aLondon :$bLittle Tiger Press,$c2015.
=300  \\$a77 pages :$billustrations ;$c28 x 21 cm
=336  \\$atext$2rdacontent
=336  \\$astill image$2rdacontent
=337  \\$aunmediated$2rdamedia
=338  \\$avol2ume$2drdacarrier
=500  \\$aBook with stickers.
=538  \\$aMode of access: World Wide Web.
=540  \\$aCurrent copyright fee: GBP$5Uk
=852  41$aBritish Library$bHMNTS$jCLE.2015.b.25
=959  \\$fCurrently received
=985  \\$aChildren's Literature Access Project
=CAT  \\$a11012$b40$c20150121$lBLL01$h1041
=CAT  \\$a8158$b40$c20150122$lBLL01$h0906
=CAT  \\$aWR16_021$c20160716$lBLL01$h1814
=EST  \\$a1
=FIN  \\$aY$d20150121
=FMT  \\$a  BK
=LAS  \\$aWR16_021$b00$c20160716$lBLL01$h1814
=TOC  \\$aETOC

