=LDR  01702cas a2200457 i 4500
=001  017123370
=003  Uk
=005  20221231145331.0
=006  m\\\\\\\\d\\\\\\\\
=007  cr\|||||||||||
=008  150324c\\\\9999\\\\\\p\s\\\\\0\\\a0eng\\
=022  \\$y2196-6869
=040  \\$aUk$beng$cUk$erda
=245  00$aDas Mittelalter :$bPerspektiven mediävistischer Forschung : Zeitschrift des Mediävistenverbandes /$cherausgegeben ... im Auftrag des Präsidiums des Mediävistenverbandes.
=264  \1$a[Berlin]$bDe Gruyter$c[2015]
=336  \\$atext$2rdacontent
=337  \\$acomputer$2rdamedia
=338  \\$aonline resource$2rdacarrier
=538  \\$aMode of access: World Wide Web.
=540  \\$aCurrent Copyright Fee: GBP25.00$c0$5Uk
=852  41$aBritish Library$bDSC$j5879.135700
=945  \\$aMittelalter -Weinheim-
=959  \\$fCurrently received
=ACF  \\$aPrevious copyright fee: GBP27.00$c56\0$e24-mar-2015$fGBP27.00$g0$hP$5Uk
=CAT  \\$a12654$b40$c20150324$lBLL01$h1125
=CAT  \\$aBLDSS-3PM$b00$c20150522$lBLL01$h1544
=CAT  \\$aBATCH-UPD$b00$c20160524$lBLL01$h2256
=CAT  \\$aBATCH-UPD$b00$c20160525$lBLL01$h0634
=CAT  \\$a5552$b40$c20201123$lBLL01$h1518
=CAT  \\$aIPL-CLA$c20201231$lBLL01$h1533
=CAT  \\$aDEL-3PM$c20210112$lBLL01$h1250
=CAT  \\$aBATCH-CLA$b00$c20221221$lBLL01$h1931
=CAT  \\$aIPL-CLA$c20221231$lBLL01$h1453
=CFI  0\$aCurrent Copyright Fee: GBP25.00$c0$e01-jan-2023$fGBP25.00$g0$hA$5Uk
=CFI  2\$aPrevious copyright fee: GBP22.50$c0$e01-jan-2021$fGBP22.50$g0$hA$5Uk
=EST  \\$a1
=FMT  \\$a  SE
=LAS  \\$aIPL-CLA$b00$c20221231$lBLL01$h1453
=MNI  \\$a0949-0345
=TOC  \\$aETOC
=UNO  \\$aY

