=LDR  03573cas a22008177a 4500
=001  013708393
=003  Uk
=005  20230516081027.0
=006  m\\\\\\\\d\\\\\\\\
=007  cr\|||||||||||
=008  070403c\\\\9999xxumr\p\s\\\\\0\\\a0eng\\
=022  \\$a1878-030X$y1068-7971
=040  \\$aUk$beng$cUk
=245  00$aRussian geology and geophysics$h[electronic resource].
=264  \1$a[Amsterdam] :$bElsevier B.V.
=264  31$32019-$aNovosibirsk, Russia :$bPublishing House, Siberian Branch, Russian Academy of Sciences
=336  \\$atext$2rdacontent
=337  \\$acomputer$2rdamedia
=338  \\$aonline resource$2rdacarrier
=500  \\$aTitle from title screen via ESTAR.
=516  \\$aPDF format.
=538  \\$aMode of access: Internet.
=540  \\$aCurrent Copyright Fee: GBP34.00$c0$5Uk
=852  41$aBritish Library$bDSC$j0420.760600$3Volume 48:Issue 1(2007)-Volume 52:Issue 2(2011)***See ESTAR for full holdings.
=945  \\$aRussian geology and geophysics c/c of Geologiia i geofizika
=959  \\$fHeld but not currently received
=ACF  \\$aPrevious copyright fee: GBP17.50$c0$e01-jan-2019$fGBP17.50$g0$hA$5Uk
=ACF  \\$aPrevious copyright fee: GBP19.00$c5\4$e01-jan-2008$fGBP19.00$g0$hP$5Uk
=ACF  \\$aPrevious Copyright Fee: GBP18.00$c5\4$e03-apr-2007$fGBP18.00$g0$hP$5Uk
=ACF  \\$aPrevious copyright fee: GBP20.00$c5\1$e01-jan-2009$fGBP20.00$g0$hP$5Uk
=ACF  \\$aPrevious copyright fee: GBP21.00$c5\1$e01-jan-2012$fGBP21.00$g0$hP$5Uk
=ACF  \\$aPrevious copyright fee: GBP22.50$c5\1$e01-jan-2013$fGBP22.50$g0$hP$5Uk
=ACF  \\$aPrevious copyright fee: GBP23.40$c5\1$e01-jan-2018$fGBP23.40$g0$hP$5Uk
=CAT  \\$a7174$b40$c20070403$lBLL01$h1204
=CAT  \\$aWR11_155$c20111021$lBLL01$h1323
=CAT  \\$aWR11_155$c20111114$lBLL01$h1645
=CAT  \\$aBATCH-UPD$b00$c20111123$lBLL01$h1853
=CAT  \\$aIPL-CLA$c20111230$lBLL01$h2027
=CAT  \\$aCDS12-UPD$b40$c20120206$lBLL01$h1842
=CAT  \\$aBATCH-CLA$b00$c20121109$lBLL01$h1725
=CAT  \\$aBATCH-UPD$b00$c20121121$lBLL01$h1659
=CAT  \\$aWR12_168$c20121206$lBLL01$h1817
=CAT  \\$aIPL-CLA$c20121231$lBLL01$h1323
=CAT  \\$aIPL-CLA$c20130102$lBLL01$h1751
=CAT  \\$aBATCH-CLA$b00$c20140125$lBLL01$h1259
=CAT  \\$aBATCH-CLA$c20140225$lBLL01$h2329
=CAT  \\$aBLDSS-3PM$b00$c20141222$lBLL01$h1716
=CAT  \\$a5552$b40$c20160202$lBLL01$h0917
=CAT  \\$aBATCH-UPD$b40$c20170304$lBLL01$h1220
=CAT  \\$aBATCH-UPD$b40$c20171121$lBLL01$h1747
=CAT  \\$aIPL-CLA$c20171231$lBLL01$h1704
=CAT  \\$a5552$b40$c20181016$lBLL01$h1144
=CAT  \\$aIPL-CLA$c20181231$lBLL01$h1545
=CAT  \\$aDEL-3PM$c20190115$lBLL01$h1428
=CAT  \\$aBATCH-CLA$b00$c20191219$lBLL01$h1739
=CAT  \\$aIPL-CLA$c20191231$lBLL01$h1945
=CAT  \\$aR2001-1524$c20200127$lBLL01$h2022
=CAT  \\$a12654$b40$c20200129$lBLL01$h0833
=CAT  \\$a8323$b40$c20200217$lBLL01$h0841
=CAT  \\$aBATCH-FIX$c20230511$lBLL01$h1629
=CAT  \\$a12654$b40$c20230516$lBLL01$h0810
=CFI  0\$aCurrent Copyright Fee: GBP34.00$c0$e16-may-2023$fGBP34.00$g0$hC$5Uk
=CFI  2\$aPrevious Copyright Fee: GBP23.40$c0$e29-jan-2020$fGBP23.40$g0$hC$5Uk
=CFI  2\$aPrevious Copyright Fee: GBP20.00$c0$e01-jan-2020$fGBP20.00$g0$hA$5Uk
=EST  \\$a1
=FMT  \\$a  SE
=LAS  \\$a12654$b40$c20230516$lBLL01$h0810
=LKR  \\$aPAR$b009181149$lBLL01$r776$mRussian geology and geophysics (Online)$nRussian geology and geophysics (Print)
=MNI  \\$a1068-7971
=TCO  \\$aTRS$bCCC$c008
=TOC  \\$aETOC

