=LDR  02013 as a2200565 a 4500
=001  015950641
=003  Uk
=005  20111101145345.0
=006  m\\\\\\\\d\\\\\\\\
=007  hd\afa015bacu
=008  010301d1830183ustkwr\nea\\\\\0\\\a0eng\d
=035  \\$aSER-13315
=035  \\$a542876
=035  \\$a(StEdNL)3444114
=038  \\$aUkLCURL
=040  \\$aStEdNL$beng$cUk$dUk
=042  \\$aukblsr
=043  \\$ae-uk-st
=082  04$a072.9144$222
=245  00$aCamera obscura; or, Life in Glasgow$h[microform].
=246  30$aLife in Glasgow
=260  \\$aGlasgow :$bprinted by W. Clark & Co.,$c[1830]-
=300  \\$av. ;$c26 cm.
=310  \\$aWeekly
=336  \\$atext$2rdacontent
=337  \\$amicroform$2rdamedia
=338  \\$amicrofilm reel$2rdacarrier
=362  1\$aBegan in 1830.
=500  \\$a"Containing literature, sporting intelligence, and police reports."
=533  \\$aMicrofilm.$bLondon :$cBritish Library,$d2004.$e35 mm.$m28 Aug.-25 Dec. 1830, 30 Apr.-7 May 1831.$nProduced by Newsplan 2000 project from originals held by the Glasgow University Library.
=588  \\$aDescription based on: No. 22 (Aug. 28, 1830).
=588  \\$aLatest issue consulted: Vol. 2, no. 39 (Dec. 25, 1830).
=651  \0$aGlasgow (Scotland)$vNewspapers.
=651  \0$aStrathclyde (Scotland)$vNewspapers.
=752  \\$aScotland$bStrathclyde$dGlasgow.$2blnpn
=852  41$31830-1831$aBritish Library$bHMNTS$z28 Aug-25 Dec 1830; 30 Apr-7 May 1831$zMicroform$jMFM.M28988 [1830-1831]
=959  \\$fCurrently received
=CAT  \\$a8323$b40$c20111018$lBLL01$h0805
=CAT  \\$a8323$b40$c20111021$lBLL01$h0933
=CAT  \\$a8323$b40$c20111101$lBLL01$h1453
=CAT  \\$aBATCH-TCO$c20120117$lBLL01$h0039
=CAT  \\$aNPL-LOCK$b77$c20140207$lBLL01$h2221
=CAT  \\$aNPL-UNLOCK$b00$c20140216$lBLL01$h0851
=EST  \\$a1
=FIN  \\$aY$d20111018
=FMT  \\$a  SE
=LAS  \\$aNPL-UNLOCK$b00$c20140216$lBLL01$h0851
=NID  \\$aNID0100155
=SID  \\$aZ39$bRLUK
=TCO  \\$aCLA$bCLA$c008

