=LDR  03153caa a22007217a 4500
=001  016121452
=003  Uk
=005  20230302181629.0
=006  m\\\\||\\d\|\\\\\\
=007  cr\|||||||||||
=008  120710s2011\\\\gw\\\\\\o\\\\|1|0\0|fre\\
=040  \\$aUk$beng$cUk
=245  00$aQuelles indications pour les prothèses digestives biodégradables?$h[electronic resource] :$bsymposium sur les prothèses biodégradables stent en endoscopie digestive à Hradec Králové, le 25 juin 2011.
=260  \\$bSpringer,$c2011.
=300  \\$a1 online resource (p. 355-364)
=336  \\$atext$2rdacontent
=337  \\$acomputer$2rdamedia
=338  \\$aonline resource$2rdacarrier
=490  0\$aActa endoscopia,$x1958-5454 ,$vvol 41 no 6 2011
=540  \\$aCurrent Copyright Fee: GBP29.95$c0$5Uk
=591  \\$aSelected papers.
=595  \\$aESTAR title.
=653  1\$aBiodegradable stent
=653  1\$aDigestive endoscopy
=773  0\$tActa endoscopica$gVol. 41, no. 6 (Dec. 2011)
=852  \\$aBritish Library$bDSC$j0614.620000
=945  \\$aActa endoscopia, ISSN 1958-5454 ; vol 41 no 6 2011
=ACF  \\$aPrevious copyright fee: GBP25.00$c23\1$e01-jan-2013$fGBP25.00$g0$hP$5Uk
=CAT  \\$a8342$b40$c20120710$lBLL01$h0956
=CAT  \\$aIPL-CLA$c20140101$lBLL01$h0201
=CAT  \\$aBATCH-CLA$b00$c20140103$lBLL01$h0101
=CAT  \\$aBATCH-CLA$b00$c20140125$lBLL01$h1300
=CAT  \\$aBATCH-CLA$c20140225$lBLL01$h2341
=CAT  \\$aBATCH-CLA$b00$c20140226$lBLL01$h0042
=CAT  \\$aBATCH-CLA$c20140226$lBLL01$h2045
=CAT  \\$aBATCH-CLA$c20140226$lBLL01$h2057
=CAT  \\$aBATCH-CLA$c20140226$lBLL01$h2059
=CAT  \\$aBATCH-CLA$c20140226$lBLL01$h2103
=CAT  \\$aBATCH-UPD$b00$c20140527$lBLL01$h2113
=CAT  \\$aBATCH-CLA$c20140528$lBLL01$h1813
=CAT  \\$aIPL-CLA$c20140630$lBLL01$h1756
=CAT  \\$aBLDSS-3PM$b00$c20150103$lBLL01$h1048
=CAT  \\$aBATCH-UPD$b00$c20150219$lBLL01$h1801
=CAT  \\$aBATCH-CLA$b00$c20150327$lBLL01$h0040
=CAT  \\$aDEL-3PM$c20150618$lBLL01$h1607
=CAT  \\$aBATCH-CLA$b00$c20150630$lBLL01$h1023
=CAT  \\$aIPL-CLA$c20150630$lBLL01$h1717
=CAT  \\$aW1607-1323$c20160726$lBLL01$h1340
=CAT  \\$aBATCH-CLA$b00$c20160727$lBLL01$h0131
=CAT  \\$aW1607-1323$c20160810$lBLL01$h1440
=CAT  \\$aBATCH-CLA$b00$c20160811$lBLL01$h0136
=CAT  \\$aBATCH-CLA$b00$c20160906$lBLL01$h0131
=CAT  \\$aBATCH-CLA$b00$c20221206$lBLL01$h1649
=CAT  \\$aIPL-CLA$c20221231$lBLL01$h1451
=CAT  \\$aBATCH-CLA$b00$c20230302$lBLL01$h1816
=CFI  0\$aCurrent Copyright Fee: GBP29.95$c0$e09-feb-2023$fGBP29.95$g0$hC$5Uk
=CNF  \\$aBiodegradable stent in digestive endoscopy (Meeting)$d(2011 Jun :$cHradec Králové, Czech Republic)
=EST  \\$a1
=FIN  \\$aY$d20120710
=FMT  \\$a  BK
=LAS  \\$aBATCH-CLA$b00$c20230302$lBLL01$h1816
=LKR  \\$aANA$b013101338$lBLL01$nActa endoscopica$r773$y2011$v41$i6$mQuelles indications pour les prothèses digestives biodégradables? symposium sur les prothèses biodégradables stent en endoscopie digestive à Hradec Králové, le 25 juin 2011
=TCO  \\$aFRA$bCFC$c008

