=LDR  02846caa a22007337a 4500
=001  016203322
=003  Uk
=005  20230302181659.0
=006  m\\\\||\\d\|\\\\\\
=007  cr\|||||||||||
=008  121102s2011\\\\fr\\\\\\o\\\\|1|0\0|fre\\
=040  \\$aUk$beng$cUk
=245  00$aCongrès JFHOD 2011$h[electronic resource].
=260  \\$bSpringer,$c2011.
=300  \\$a1 online resource (p. 77-89)
=336  \\$atext$2rdacontent
=337  \\$acomputer$2rdamedia
=338  \\$aonline resource$2rdacarrier
=490  0\$aActa endoscopica,$x0240-642X ,$vvol 41 no 2 2011
=540  \\$aCurrent Copyright Fee: GBP29.95$c0$5Uk
=591  \\$aSelected papers.
=595  \\$aESTAR title.
=653  1\$aHepato-gastroenterologie
=653  1\$aOncologie digestive
=653  1\$aJFHOD
=773  0\$tActa endoscopica$gVol 41, iss. 2 (Mar. 2011)
=852  \\$aBritish Library$bDSC$j0614.620000
=945  \\$aActa endoscopica, ISSN 0240-642X ; vol 41 no 2 2011
=ACF  \\$aPrevious copyright fee: GBP25.00$c23\1$e01-jan-2013$fGBP25.00$g0$hP$5Uk
=CAT  \\$a6162$b40$c20121102$lBLL01$h1223
=CAT  \\$aBATCH-UPD$b00$c20130522$lBLL01$h1728
=CAT  \\$aIPL-CLA$c20130701$lBLL01$h0154
=CAT  \\$aBATCH-UPD$b00$c20131119$lBLL01$h2047
=CAT  \\$aIPL-CLA$c20140101$lBLL01$h0205
=CAT  \\$aBATCH-CLA$b00$c20140103$lBLL01$h0101
=CAT  \\$aBATCH-CLA$b00$c20140125$lBLL01$h1300
=CAT  \\$aBATCH-CLA$c20140225$lBLL01$h2341
=CAT  \\$aBATCH-CLA$c20140226$lBLL01$h2045
=CAT  \\$aBATCH-CLA$c20140226$lBLL01$h2057
=CAT  \\$aBATCH-CLA$c20140226$lBLL01$h2059
=CAT  \\$aBATCH-CLA$c20140226$lBLL01$h2103
=CAT  \\$aBATCH-UPD$b00$c20140527$lBLL01$h2113
=CAT  \\$aBATCH-CLA$c20140528$lBLL01$h1814
=CAT  \\$aIPL-CLA$c20140630$lBLL01$h1757
=CAT  \\$aBLDSS-3PM$b00$c20150103$lBLL01$h1048
=CAT  \\$aBATCH-UPD$b00$c20150219$lBLL01$h1801
=CAT  \\$aBATCH-CLA$b00$c20150327$lBLL01$h0040
=CAT  \\$aDEL-3PM$c20150618$lBLL01$h1607
=CAT  \\$aBATCH-CLA$b00$c20150630$lBLL01$h1023
=CAT  \\$aIPL-CLA$c20150630$lBLL01$h1718
=CAT  \\$aW1607-1323$c20160726$lBLL01$h1340
=CAT  \\$aW1607-1323$c20160810$lBLL01$h1440
=CAT  \\$aBATCH-CLA$b00$c20160906$lBLL01$h0131
=CAT  \\$aBATCH-CLA$b00$c20221206$lBLL01$h1649
=CAT  \\$aIPL-CLA$c20221231$lBLL01$h1451
=CAT  \\$aBATCH-CLA$b00$c20230302$lBLL01$h1816
=CFI  0\$aCurrent Copyright Fee: GBP29.95$c0$e09-feb-2023$fGBP29.95$g0$hC$5Uk
=CNF  \\$aJournées francophones d' hepato-gastroenterologie et d'oncologie digestive (Congrès)$d(2011 Mar :$cParis)
=EST  \\$a1
=FIN  \\$aY$d20121102
=FMT  \\$a  BK
=LAS  \\$aBATCH-CLA$b00$c20230302$lBLL01$h1816
=LKR  \\$aANA$b013101338$lBLL01$nActa endoscopica$mCongrès JFHOD 2011$r773$y2011$v41$i2
=TCO  \\$aFRA$bCFC$c008

