=LDR  01367cas a2200397 i 4500
=001  016425054
=003  Uk
=005  20230511163051.0
=006  m\\\\\\\\d\\\\\\\\
=007  cr\|||||||||||
=008  130605c\\\\9999\\\\\\p\s\\\\\0\\\a0eng\\
=040  \\$aUk$beng$cUk$erda
=245  00$aHepato-gastroenterology.
=264  \1$aStuttgart :$bThieme,$c[2013]
=336  \\$atext$2rdacontent
=337  \\$acomputer$2rdamedia
=338  \\$aonline resource$2rdacarrier
=538  \\$aMode of access: World Wide Web.
=540  \\$aBritish Library not licensed to copy$c0$5Uk
=852  41$aBritish Library$bDSC$j4295.835000
=945  \\$aHepatogastroenterology
=959  \\$fHeld but not currently received
=ACF  \\$aPrevious copyright fee: GBP21.05$c49\0$e05-jun-2013$fGBP21.05$g0$hP$5Uk
=CAT  \\$a8055$b40$c20130605$lBLL01$h1243
=CAT  \\$a12654$b40$c20131211$lBLL01$h1218
=CAT  \\$aBLDSS-3PM$b00$c20141208$lBLL01$h1628
=CAT  \\$a5552$b40$c20160208$lBLL01$h1031
=CAT  \\$a12654$b40$c20211021$lBLL01$h0808
=CAT  \\$aBATCH-FIX$c20230511$lBLL01$h1630
=CFI  0\$aBritish Library not licensed to copy$c0$e21-oct-2021$hC$iTX$5Uk
=CFI  2\$aPrevious copyright fee: GBP15.07$c0$e08-feb-2016$fGBP15.07$g0$hC$5Uk
=EST  \\$a1
=FMT  \\$a  SE
=LAS  \\$aBATCH-FIX$b00$c20230511$lBLL01$h1630
=MNI  \\$a0172-6390
=TOC  \\$aETOC

