=LDR  02394cam a2200637 i 4500
=001  021035430
=003  Uk
=005  20230925143517.0
=006  m\\\\\\\\d\\\\\\\\
=007  cr\|||||||||||
=008  220429s2023\\\\gw\a\\\\\b\\\\001\0\ita\d
=016  7\$a1254674233$2DE-101
=020  \\$a9783110791167$qhardback
=020  \\$z9783110792867$qPDF
=020  \\$z9783110792911$qEPUB
=020  \\$a3110791161$q(hardcover)
=024  3\$a9783110791167
=035  \\$a(OCoLC)1313073530$z(OCoLC)1359416328
=040  \\$aYDX$beng$cYDX$dYDX$dOCLCF$dOHX$dCUY$erda
=041  1\$aita$alat$hlat$hgrc
=050  \4$aPA4217$b.G75 2023
=072  \7$aPA$2lcco
=072  \7$aPQ$2lcco
=082  04$a885/.01$223
=100  1\$aGrillone, Alessia,$eauthor.
=245  13$aLa traduzione latina del "Nicocles" isocrateo di Guarino Veronese :$bintroduzione, edizione critica e commento /$cAlessia Grillone ; con la prefazione di Giancarlo Abbamonte.
=264  \1$aBerlin ;$aBoston :$bDe Gruyter,$c[2023]
=300  \\$axvi, 295 pages :$billustrations ;$c24 cm
=336  \\$atext$btxt$2rdacontent
=337  \\$aunmediated$bn$2rdamedia
=338  \\$avolume$bnc$2rdacarrier
=490  1\$aBeiträge zur Altertumskunde,$x1616-0452 ;$vBand 408
=500  \\$aThesis (doctoral)--Universität Turin, 2021.
=504  \\$aIncludes bibliographical references and indexes.
=546  \\$aOriginal text in Latin with parallel Italian translation and commentary; critical matter in Italian.
=600  00$aIsocrates$vTranslations into Italian.
=600  07$aIsocrates$2fast$0(OCoLC)fst00027676
=650  \0$aSpeeches, addresses, etc., Greek$vTranslations into Italian.
=650  \7$aSpeeches, addresses, etc., Greek.$2fast$0(OCoLC)fst01129363
=655  \7$aTranslations.$2fast$0(OCoLC)fst01423791
=700  02$aIsocrates.$tNicocles.$lLatin.
=700  02$aIsocrates.$tNicocles.$lItalian.
=776  08$iPDF$z9783110792867
=776  08$iePub$z9783110792911
=830  \0$aBeiträge zur Altertumskunde ;$vBd. 408.
=852  41$aBritish Library$bHMNTS$jYF.2023.a.17198
=959  \\$fCurrently received
=CAT  \\$a11029$b40$c20230427$lBLL01$h1356
=CAT  \\$a15066$b40$c20230602$lBLL01$h0919
=CAT  \\$a12654$b40$c20230925$lBLL01$h1435
=EST  \\$a1
=FIN  \\$aY$d20230602
=FMT  \\$a  BK
=LAS  \\$a12654$b40$c20230925$lBLL01$h1435
=SID  \\$aZ39$bOCLC
=TOC  \\$aETOC

