=LDR  01757cam a2200517 i 4500
=001  017367036
=003  Uk
=005  20230220211145.0
=007  cr\|||||||||||
=008  150514s2015\\\\flua\\\\\b\\\\001|0|eng|d
=015  \\$aGBB565339$2bnb
=016  7\$a017367036$2Uk
=020  \\$a9781482253801 (hbk.) :$c£63.99
=020  \\$z9781482253818 (PDF ebook) :$c£63.99
=040  \\$aStDuBDS$beng$cStDuBDS$dUk$erda
=042  \\$aukblcatcopy
=082  04$a515.83$223
=100  1\$aLi, Changpin,$eauthor.
=245  10$aNumerical methods for fractional calculus /$cChangpin Li, Fanhai Zeng.
=264  \1$aBoca Raton :$bChapman & Hall/CRC,$c2015.
=300  \\$axviii, 281 pages :$billustrations (black and white) ;$c24 cm.
=336  \\$atext$2rdacontent
=336  \\$astill image$2rdacontent
=337  \\$aunmediated$2rdamedia
=338  \\$avolume$2rdacarrier
=490  0\$aChapman & Hall/CRC numerical analysis and scientific computing ;$v24
=500  \\$aFormerly CIP.$5Uk
=504  \\$aIncludes bibliographical references and index.
=538  \\$aMode of access: World Wide Web.
=540  \\$aCurrent copyright fee: GBP$5Uk
=650  \0$aFractional calculus.
=700  1\$aZeng, Fanhai,$eauthor.
=776  08$iebook version :$z9781482253818
=852  11$aBritish Library$bSTI$k(B)$h515.83$ino. 24
=916  \\$a100=NEW$a700=NEW
=959  \\$fCurrently received
=CAT  \\$aBATCH-CIPN$b00$c20150519$lBLL01$h1700
=CAT  \\$aWR16_021$c20160717$lBLL01$h1810
=CAT  \\$a11131$b40$c20161108$lBLL01$h0713
=CAT  \\$a8158$b40$c20161111$lBLL01$h0825
=CAT  \\$aBATCH-FIX$c20230220$lBLL01$h2111
=EST  \\$a1
=FIN  \\$aY$d20161108
=FMT  \\$a  BK
=LAS  \\$aBATCH-FIX$b00$c20230220$lBLL01$h2111
=TOC  \\$aETOC

